%% This BibTeX bibliography file was created using BibDesk.
%% http://bibdesk.sourceforge.net/


%% Created for Ben Recht at 2010-10-18 21:06:50 -0500 


%% Saved with string encoding Unicode (UTF-8)


@string{kdd = {ACM SIGKDD Conference on Knowledge Discovery and Data Mining}}

@string{proc = {Proceedings of the}}

@string{kddshort = {KDD}}

@string{kdd00 = proc # { 6th } # kdd # { (} # kddshort # {'00)}}

@string{scg = {Annual ACM Symposium on Computational Geometry}}

@string{scgshort = {SCG}}

@string{scg09 = proc # { 25th } # scg # { (} # scgshort # {'09)}}

@string{soda = {Annual ACM-SIAM Symposium on Discrete Algorithms}}

@string{sodashort = {SODA}}

@string{soda07 = proc # { 18th } # soda # { (} # sodashort # {'07)}}


@article{blinded,
 author={blinded},
 title= {blinded.}
}

@InProceedings{maxnormNIPS10,
  author = 	 {Jason Lee and Benjamin Recht and Ruslan Salakhutdinov and Nathan Srebro and Joel A.~Tropp},
  title = 	 {Practical Large-Scale Optimization for Max-Norm Regularization},
  booktitle =	 {NIPS},
  year =	 {2010}}

@book{BertsekasNLP,
	Address = {Belmont, MA},
	Author = {Dimitri P.~Bertsekas},
	Edition = {2nd},
	Publisher = {Athena Scientific},
	Title = {Nonlinear Programming},
	Year = {1999}}

@article{intel,
title = {{Intel 64 and IA-32 Architectures Developer's Manual}},
Volume = {2A},
Pages = {3-188},
url = {http://www.intel.com/content/www/us/en/architecture-and-technology/64-ia-32-architectures-software-developer-vol-2a-manual.html}
}

@article{DBLP:journals/tit/CandesT10,
  author    = {Emmanuel J. Cand{\`e}s and
               Terence Tao},
  title     = {The power of convex relaxation: near-optimal matrix completion},
  journal   = {IEEE Transactions on Information Theory},
  volume    = {56},
  number    = {5},
  year      = {2010},
  pages     = {2053-2080},
  ee        = {http://dx.doi.org/10.1109/TIT.2010.2044061},
  bibsource = {DBLP, http://dblp.uni-trier.de}
}
 
@article{DBLP:journals/jcss/GoemansW04,
  author    = {Michel X. Goemans and
               David P. Williamson},
  title     = {Approximation algorithms for M$_{\mbox{AX}}$-3-C$_{\mbox{UT}}$
               and other problems via complex semidefinite programming},
  journal   = {J. Comput. Syst. Sci.},
  volume    = {68},
  number    = {2},
  year      = {2004},
  ee        = {http://dx.doi.org/10.1016/j.jcss.2003.07.012},
  bibsource = {DBLP, http://dblp.uni-trier.de}
}

@InProceedings{bottou,
  author = 	 {Leon Bottou},
  title = 	 {Curiously Fast Convergence of some Stochastic Gradient Descent Algorithms},
  booktitle =	 {Proceedings of the symposium on learning and data science},
  year =	 {2009}
}

@InCollection{boyd:stuff,
  author = 	 {J.~Mattingley and S.~Boyd},
  booktitle = 	 {Convex Optimization in Signal Processing and Communications},
  title = 	 {Automatic Code Generation for Real-Time Convex Optimization},
  publisher = 	 {Cambridge University},
  year = 	 {2010}
}

@article{ova:is:the:best,
	Author = {Ryan Rifkin and Aldebaro Klautau},
	Journal = {JMLR},
	Title = {In Defense of One-Vs-All Classification},
	Volume = {5},
	Year = {2004}}

@inproceedings{LeeNIPS10,
Author = {Jason Lee and Benjamin Recht and Ruslan Salakhutdinov and Nathan Srebro and Joel A. Tropp},
Title = {Practical Large-Scale Optimization for Max-Norm Regularization},
Booktitle = {NIPS 23},
year = {2010}
}

@unpublished{HarrowPrivate,
	Author = {Aram Harrow},
	Date-Added = {2010-10-20 21:30:04 -0500},
	Date-Modified = {2010-10-20 21:30:22 -0500},
	Note = {Private correspondence}}

@book{HornJohnsonBook1,
	Address = {New York},
	Author = {Roger A.~Horn and Charles R.~Johnson},
	Date-Added = {2010-10-20 21:27:21 -0500},
	Date-Modified = {2010-10-20 21:27:21 -0500},
	Publisher = {Cambridge University Press},
	Title = {Matrix Analysis},
	Year = {1985}}

@article{Bhatia00,
	Author = {R Bhatia and F Kittaneh},
	Date-Added = {2010-10-20 21:26:41 -0500},
	Date-Modified = {2010-10-20 21:26:41 -0500},
	Journal = {Linear Algebra and its Applications},
	Local-Url = {file://localhost/Users/brecht/Documents/iPapers/Papers/2000/Bhatia/2000-Bhatia.pdf},
	Number = {1-3},
	Pmid = {357206836422449486related:ThlNpLkN9QQJ},
	Rating = {0},
	Read = {Yes},
	Title = {Notes on matrix arithmetic-geometric mean inequalities},
	Uri = {papers://84BEE551-5733-4A54-9EAB-A7C42ACB8AB6/Paper/p2594},
	Volume = {308},
	Year = {2000}
}


@article{Keshavan09,
	Author = {Raghunandan H.~Keshavan and Andrea Montanari and Sewoong Oh},
	Date-Added = {2010-10-18 21:06:28 -0500},
	Date-Modified = {2010-10-18 21:06:28 -0500},
	Journal = {{IEEE} Trans. on Information Theory},
	Title = {Matrix Completion from a Few Entries},
	Year = {2009}}

@article{CandesRecht09,
	Author = {Emmanuel Cand\`es and Benjamin Recht},
	Date-Added = {2010-10-18 21:06:10 -0500},
	Date-Modified = {2010-10-18 21:06:10 -0500},
	Journal = {Foundations of Computational Mathematics},
	Title = {Exact Matrix Completion via Convex Optimization},
	Year = {2009}}

@article{Recht10,
	Author = {Benjamin Recht and Maryam Fazel and Pablo Parrilo},
	Date-Added = {2010-10-18 21:06:10 -0500},
	Date-Modified = {2010-10-18 21:06:10 -0500},
	Journal = {SIAM Review},
	Number = {3},
	Title = {Guaranteed Minimum Rank Solutions of Matrix Equations via Nuclear Norm Minimization},
	Volume = {52},
	Year = {2010}}

@techreport{BertsekasSurvey,
	Author = {Dimitri P.~Bertsekas},
	Date-Added = {2010-10-18 20:32:22 -0500},
	Date-Modified = {2010-10-18 20:34:30 -0500},
	Institution = {Laboratory for Information and Decision Systems},
	Title = {Incremental Gradient, Subgradient, and Proximal Methods for Convex Optimization: A Survey},
	Year = {2010}}

@article{Rockafellar76,
	Author = {RT Rockafellar},
	Date-Added = {2010-10-18 20:23:28 -0500},
	Date-Modified = {2010-10-18 20:23:38 -0500},
	Journal = {SIAM J. on Control and Optimization},
	Rating = {0},
	Read = {Yes},
	Volume = {14},
	Number = {5},
	Title = {Monotone operators and the proximal point algorithm},
	Year = {1976}}

@article{Tseng98,
	Author = {P.~Tseng},
	Date-Added = {2010-10-18 20:19:11 -0500},
	Date-Modified = {2010-10-18 20:20:10 -0500},
	Journal = {{SIAM} Joural on Optimization},
	Number = {2},
	Title = {An Incremental Gradient(-Projection) Method with Momentum Term and Adaptive Stepsize Rule},
	Volume = {8},
	Year = {1998}}

@article{Luo94,
	Author = {Z.~Q.~Luo and Paul Tseng},
	Date-Added = {2010-10-18 20:17:03 -0500},
	Date-Modified = {2010-10-18 20:17:45 -0500},
	Journal = {Optimization Methods and Software},
	Title = {Analysis of an Approximate Gradient Projection Method with Applications to the Backpropagation Algorithm},
	Volume = {4},
	Year = {1994}}

@article{Bertsekas97,
	Author = {Dimitri P.~Bertsekas},
	Date-Added = {2010-10-18 20:16:06 -0500},
	Date-Modified = {2010-10-18 20:16:44 -0500},
	Journal = {{SIAM} Journal on Optimization},
	Title = {A Hybrid Incremental Gradient Method for Least Squares},
	Volume = {7},
	Year = {1997}}

@article{Mangasarian94,
	Author = {Olvi L.~Mangasarian and M.~V.~Solodov},
	Date-Added = {2010-10-18 20:14:50 -0500},
	Date-Modified = {2010-10-18 20:15:39 -0500},
	Journal = {Optimization Methods and Software},
	Title = {Serial and Parallel Backpropagation Convergence Via Nonmonotone Perturbed Minimization},
	Volume = {4},
	Year = {1994}}

@article{Luo91,
	Author = {ZQ Luo},
	Date-Added = {2010-10-18 20:14:06 -0500},
	Date-Modified = {2010-10-18 20:14:21 -0500},
	Journal = {Neural Computation},
	Number = {2},
	Rating = {0},
	Read = {Yes},
	Title = {On the convergence of the LMS algorithm with adaptive learning rate for linear feedforward networks},
	Volume = {3},
	Year = {1991}
}

@article{Nemirovski09,
	Author = {A Nemirovski and A Juditsky and G Lan and A Shapiro},
	Date-Added = {2010-10-18 20:11:21 -0500},
	Date-Modified = {2010-10-18 20:11:21 -0500},
	Journal = {SIAM Journal on Optimization},
	Number = {4},
	Rating = {0},
	Read = {Yes},
	Title = {Robust stochastic approximation approach to stochastic programming},
	Volume = {19},
	Year = {2009},
	Bdsk-File-1 = {YnBsaXN0MDDUAQIDBAUIJidUJHRvcFgkb2JqZWN0c1gkdmVyc2lvblkkYXJjaGl2ZXLRBgdUcm9vdIABqAkKFRYXGyIjVSRudWxs0wsMDQ4RFFpOUy5vYmplY3RzV05TLmtleXNWJGNsYXNzog8QgASABqISE4ACgAOAB1lhbGlhc0RhdGFccmVsYXRpdmVQYXRo0hgNGRpXTlMuZGF0YU8RAd4AAAAAAd4AAgAADE1hY2ludG9zaCBIRAAAAAAAAAAAAAAAAAAAAMcUaWhIKwAAADcy6BMyMDA5LU5lbWlyb3Zza2kucGRmAAAAAAAAAAAAAAAAAAAAAAAAAAAAAAAAAAAAAAAAAAAAAAAAAAAAAAAAAAAANzLbxgqmrAAAAAAAAAAAAAMABQAACSAAAAAAAAAAAAAAAAAAAAAKTmVtaXJvdnNraQAQAAgAAMcUvcgAAAARAAgAAMYK7PwAAAABABwANzLoADcuNQAYGtgAGBrPAAyrGgAMqvcADKrpAAIAVk1hY2ludG9zaCBIRDpVc2VyczpicmVjaHQ6RG9jdW1lbnRzOmlQYXBlcnM6UGFwZXJzOjIwMDk6TmVtaXJvdnNraToyMDA5LU5lbWlyb3Zza2kucGRmAA4AKAATADIAMAAwADkALQBOAGUAbQBpAHIAbwB2AHMAawBpAC4AcABkAGYADwAaAAwATQBhAGMAaQBuAHQAbwBzAGgAIABIAEQAEgBJVXNlcnMvYnJlY2h0L0RvY3VtZW50cy9pUGFwZXJzL1BhcGVycy8yMDA5L05lbWlyb3Zza2kvMjAwOS1OZW1pcm92c2tpLnBkZgAAEwABLwAAFQACAA3//wAAgAXSHB0eH1gkY2xhc3Nlc1okY2xhc3NuYW1lox8gIV1OU011dGFibGVEYXRhVk5TRGF0YVhOU09iamVjdF8QOy4uLy4uLy4uL2lQYXBlcnMvUGFwZXJzLzIwMDkvTmVtaXJvdnNraS8yMDA5LU5lbWlyb3Zza2kucGRm0hwdJCWiJSFcTlNEaWN0aW9uYXJ5EgABhqBfEA9OU0tleWVkQXJjaGl2ZXIACAARABYAHwAoADIANQA6ADwARQBLAFIAXQBlAGwAbwBxAHMAdgB4AHoAfACGAJMAmACgAoIChAKJApICnQKhAq8CtgK/Av0DAgMFAxIDFwAAAAAAAAIBAAAAAAAAACgAAAAAAAAAAAAAAAAAAAMp}}

@inproceedings{DBLP:conf/icde/ArasuRS09,
	Author = {Arvind Arasu and Christopher R{\'e} and Dan Suciu},
	Bibsource = {DBLP, http://dblp.uni-trier.de},
	Booktitle = {ICDE},
	Ee = {http://dx.doi.org/10.1109/ICDE.2009.43},
	Title = {Large-Scale Deduplication with Constraints Using Dedupalog},
	Year = {2009}}

@inproceedings{benny:exchange,
	Author = {Ronald Fagin and Benny Kimelfeld and Phokion Kolaitis},
	Booktitle = {ICDT},
	Title = {Probabilistic Data Exchange},
	Year = {2010}}

@article{cucker:smale,
	Author = {Felipe Cucker and Steve Smale},
	Journal = {Bulletin of the American Mathematical Society},
	Title = {On the mathematical foundations of learning},
	Volume = {39},
	Year = {2002}}

@article{DBLP:journals/cacm/AgrawalABBCCDFFGGGHHHIKKMMOORSSSW09,
	Author = {Rakesh Agrawal and Anastasia Ailamaki and Philip A. Bernstein and Eric A. Brewer and Michael J. Carey and Surajit Chaudhuri and AnHai Doan and Daniela Florescu and Michael J. Franklin and Hector Garcia-Molina and Johannes Gehrke and Le Gruenwald and Laura M. Haas and Alon Y. Halevy and Joseph M. Hellerstein and Yannis E. Ioannidis and Henry F. Korth and Donald Kossmann and Samuel Madden and Roger Magoulas and Beng Chin Ooi and Tim O'Reilly and Raghu Ramakrishnan and Sunita Sarawagi and Michael Stonebraker and Alexander S. Szalay and Gerhard Weikum},
	Bibsource = {DBLP, http://dblp.uni-trier.de},
	Ee = {http://doi.acm.org/10.1145/1516046.1516062},
	Journal = {Commun. ACM},
	Number = {6},
	Title = {The Claremont report on database research},
	Volume = {52},
	Year = {2009}}

@article{DBLP:journals/pvldb/ChaiSDRS08,
	Author = {Xiaoyong Chai and Mayssam Sayyadian and AnHai Doan and Arnon Rosenthal and Len Seligman},
	Bibsource = {DBLP, http://dblp.uni-trier.de},
	Ee = {http://www.vldb.org/pvldb/1/1453940.pdf},
	Journal = {PVLDB},
	Number = {1},
	Title = {Analyzing and revising data integration schemas to improve their matchability},
	Volume = {1},
	Year = {2008}}

@inproceedings{DBLP:conf/sigmod/DoanDH01,
	Author = {AnHai Doan and Pedro Domingos and Alon Y. Halevy},
	Bibsource = {DBLP, http://dblp.uni-trier.de},
	Booktitle = {SIGMOD},
	Ee = {http://doi.acm.org/10.1145/375663.375731, http://www.acm.org/sigs/sigmod/sigmod01/eproceedings/papers/Research-Doan-et-al.pdf},
	Title = {Reconciling Schemas of Disparate Data Sources: A Machine-Learning Approach},
	Year = {2001}}

@inproceedings{DBLP:conf/sigmod/YanMHF01,
	Author = {Ling-Ling Yan and Ren{\'e}e J. Miller and Laura M. Haas and Ronald Fagin},
	Bibsource = {DBLP, http://dblp.uni-trier.de},
	Booktitle = {SIGMOD},
	Ee = {http://doi.acm.org/10.1145/375663.375729, http://www.acm.org/sigs/sigmod/sigmod01/eproceedings/papers/Research-Yan-et-al.pdf},
	Title = {Data-Driven Understanding and Refinement of Schema Mappings},
	Year = {2001}}

@inproceedings{DBLP:conf/vldb/FuxmanFM05,
	Author = {Ariel Fuxman and Diego Fuxman and Ren{\'e}e J. Miller},
	Bibsource = {DBLP, http://dblp.uni-trier.de},
	Booktitle = {VLDB},
	Ee = {http://www.vldb.org/conf/2005/papers/p1354-fuxman.pdf},
	Title = {ConQuer: A System for Efficient Querying Over Inconsistent Databases},
	Year = {2005}}

@inproceedings{DBLP:conf/vldb/HalevyRO06,
	Author = {Alon Y. Halevy and Anand Rajaraman and Joann J. Ordille},
	Bibsource = {DBLP, http://dblp.uni-trier.de},
	Booktitle = {VLDB},
	Ee = {http://www.vldb.org/conf/2006/p9-halevy.pdf},
	Title = {Data Integration: The Teenage Years},
	Year = {2006}}

@inproceedings{DBLP:conf/sigmod/ChaudhuriGGKNV05,
	Author = {Surajit Chaudhuri and Kris Ganjam and Venkatesh Ganti and Rahul Kapoor and Vivek R. Narasayya and Theo Vassilakis},
	Bibsource = {DBLP, http://dblp.uni-trier.de},
	Booktitle = {SIGMOD},
	Ee = {http://doi.acm.org/10.1145/1066157.1066287},
	Title = {Data cleaning in {Microsoft} {SQL} {Server} 2005},
	Year = {2005}}

@inproceedings{DBLP:conf/sigmod/ChaudhuriGGM03,
	Author = {Surajit Chaudhuri and Kris Ganjam and Venkatesh Ganti and Rajeev Motwani},
	Bibsource = {DBLP, http://dblp.uni-trier.de},
	Booktitle = {SIGMOD},
	Ee = {http://doi.acm.org/10.1145/872757.872796, http://www.acm.org/sigmod/sigmod03/eproceedings/papers/r12p02.pdf},
	Title = {Robust and Efficient Fuzzy Match for Online Data Cleaning},
	Year = {2003}}

@inproceedings{DBLP:conf/vldb/AnanthakrishnaCG02,
	Author = {Rohit Ananthakrishna and Surajit Chaudhuri and Venkatesh Ganti},
	Bibsource = {DBLP, http://dblp.uni-trier.de},
	Booktitle = {VLDB},
	Ee = {http://www.vldb.org/conf/2002/S17P01.pdf},
	Title = {Eliminating Fuzzy Duplicates in Data Warehouses},
	Year = {2002}}

@article{DBLP:journals/sigmod/BohannonMYADIJKMRS08,
	Author = {Philip Bohannon and Srujana Merugu and Cong Yu and Vipul Agarwal and Pedro DeRose and Arun Iyer and Ankur Jain and Vinay Kakade and Mridul Muralidharan and Raghu Ramakrishnan and Warren Shen},
	Bibsource = {DBLP, http://dblp.uni-trier.de},
	Ee = {http://doi.acm.org/10.1145/1519103.1519107},
	Journal = {SIGMOD Record},
	Number = {4},
	Title = {Purple SOX extraction management system},
	Volume = {37},
	Year = {2008}}

@inproceedings{DBLP:conf/sigmod/KandoganKRVZ06,
	Author = {Eser Kandogan and Rajasekar Krishnamurthy and Sriram Raghavan and Shivakumar Vaithyanathan and Huaiyu Zhu},
	Bibsource = {DBLP, http://dblp.uni-trier.de},
	Booktitle = {SIGMOD},
	Ee = {http://doi.acm.org/10.1145/1142473.1142591},
	Title = {Avatar semantic search: a database approach to information retrieval},
	Year = {2006}}

@inproceedings{DBLP:conf/www/SuchanekKW07,
	Author = {Fabian M. Suchanek and Gjergji Kasneci and Gerhard Weikum},
	Bibsource = {DBLP, http://dblp.uni-trier.de},
	Booktitle = {WWW},
	Ee = {http://doi.acm.org/10.1145/1242572.1242667},
	Title = {Yago: a core of semantic knowledge},
	Year = {2007}}

@inproceedings{DBLP:conf/sigmod/ReLBS08,
	Author = {Christopher R{\'e} and Julie Letchner and Magdalena Balazinska and Dan Suciu},
	Bibsource = {DBLP, http://dblp.uni-trier.de},
	Booktitle = {SIGMOD},
	Ee = {http://doi.acm.org/10.1145/1376616.1376688},
	Title = {Event queries on correlated probabilistic streams},
	Year = {2008}}

@inproceedings{DBLP:conf/cidr/DiaoLLPSTZ09,
	Author = {Yanlei Diao and Boduo Li and Anna Liu and Liping Peng and Charles Sutton and Thanh Tran 0002 and Michael Zink},
	Bibsource = {DBLP, http://dblp.uni-trier.de},
	Booktitle = {CIDR},
	Ee = {http://www-db.cs.wisc.edu/cidr/cidr2009/Paper_91.pdf},
	Title = {Capturing Data Uncertainty in High-Volume Stream Processing},
	Year = {2009}}

@inproceedings{DBLP:conf/aaai/BhattacharyaG07,
	Author = {Indrajit Bhattacharya and Lise Getoor},
	Bibsource = {DBLP, http://dblp.uni-trier.de},
	Booktitle = {AAAI},
	Title = {Online Collective Entity Resolution},
	Year = {2007}}

@inproceedings{DBLP:conf/sigmod/IpeirotisAJG06,
	Author = {Panagiotis G. Ipeirotis and Eugene Agichtein and Pranay Jain and Luis Gravano},
	Bibsource = {DBLP, http://dblp.uni-trier.de},
	Booktitle = {SIGMOD},
	Ee = {http://doi.acm.org/10.1145/1142473.1142504},
	Title = {To search or to crawl?: towards a query optimizer for text-centric tasks},
	Year = {2006}}

@inproceedings{DBLP:conf/ijcai/BankoCSBE07,
	Author = {Michele Banko and Michael J. Cafarella and Stephen Soderland and Matthew Broadhead and Oren Etzioni},
	Bibsource = {DBLP, http://dblp.uni-trier.de},
	Booktitle = {IJCAI},
	Ee = {http://dli.iiit.ac.in/ijcai/IJCAI-2007/PDF/IJCAI07-429.pdf},
	Title = {Open Information Extraction from the Web},
	Year = {2007}}

@inproceedings{DBLP:conf/vldb/ShenDNR07,
	Author = {Warren Shen and AnHai Doan and Jeffrey F. Naughton and Raghu Ramakrishnan},
	Bibsource = {DBLP, http://dblp.uni-trier.de},
	Booktitle = {VLDB},
	Ee = {http://www.vldb.org/conf/2007/papers/research/p1033-shen.pdf},
	Title = {Declarative Information Extraction Using Datalog with Embedded Extraction Predicates},
	Year = {2007}}

@article{DBLP:journals/ml/CortesV95,
	Author = {Corinna Cortes and Vladimir Vapnik},
	Bibsource = {DBLP, http://dblp.uni-trier.de},
	Journal = {Machine Learning},
	Number = {3},
	Title = {Support-Vector Networks},
	Volume = {20},
	Year = {1995}}

@misc{dblife,
	Author = {AnHai Doan},
	Title = {http://dblife.cs.wisc.edu}}

@misc{volt:db,
	Author = {{Volt DB}},
	Title = {\url{http://voltdb.com/}}}

@misc{monet:db,
	Author = {MonetDB},
	Title = {\url{http://monetdb.cwi.nl/}}}

@misc{bio:nlp:org,
	Author = {Bob Futrelle},
	Title = {bionlp.org}}

@misc{ilike,
	Author = {iLike},
	Title = {http://iLike.com}}

@misc{netflix,
	Author = {NetFlix},
	Title = {http://netflix.com}}

@inproceedings{DBLP:conf/cidr/DoanNBCCCCDGGHSV09,
	Author = {AnHai Doan and Jeffrey F. Naughton and Akanksha Baid and Xiaoyong Chai and Fei Chen 0002 and Ting Chen and Eric Chu and Pedro DeRose and Byron J. Gao and Chaitanya Gokhale and Jiansheng Huang and Warren Shen and Ba-Quy Vuong},
	Bibsource = {DBLP, http://dblp.uni-trier.de},
	Booktitle = {CIDR},
	Ee = {http://www-db.cs.wisc.edu/cidr/cidr2009/Paper_110.pdf},
	Title = {The Case for a Structured Approach to Managing Unstructured Data},
	Year = {2009}}

@inproceedings{DBLP:conf/sigmod/JampaniXWPJH08,
	Author = {Ravi Jampani and Fei Xu and Mingxi Wu and Luis Leopoldo Perez and Christopher M. Jermaine and Peter J. Haas},
	Bibsource = {DBLP, http://dblp.uni-trier.de},
	Booktitle = {SIGMOD},
	Ee = {http://doi.acm.org/10.1145/1376616.1376686},
	Title = {{MCDB}: a monte carlo approach to managing uncertain data},
	Year = {2008}}

@article{DBLP:journals/pvldb/SenDG08,
	Author = {Prithviraj Sen and Amol Deshpande and Lise Getoor},
	Bibsource = {DBLP, http://dblp.uni-trier.de},
	Ee = {http://www.vldb.org/pvldb/1/1453944.pdf},
	Journal = {PVLDB},
	Number = {1},
	Title = {Exploiting shared correlations in probabilistic databases},
	Volume = {1},
	Year = {2008}}

@inproceedings{DBLP:conf/icde/WangMFGH10,
	Author = {Daisy Wang and Eirinaios Michelakis and Michael J. Franklin and Minos Garofalakis and Joseph M. Hellerstein},
	Bibsource = {DBLP, http://dblp.uni-trier.de},
	Booktitle = {ICDE},
	Ee = {http://dx.doi.org/10.1109/ICDE.2010.5447844},
	Title = {Probabilistic declarative information extraction},
	Year = {2010}}

@inproceedings{DBLP:conf/cidr/DeshpandeGM05,
	Author = {Amol Deshpande and Carlos Guestrin and Samuel Madden},
	Bibsource = {DBLP, http://dblp.uni-trier.de},
	Booktitle = {CIDR},
	Ee = {http://www.cidrdb.org/cidr2005/papers/P26.pdf},
	Title = {Using Probabilistic Models for Data Management in Acquisitional Environments},
	Year = {2005}}

@article{DBLP:journals/datamine/Burges98,
	Author = {Christopher J. C. Burges},
	Bibsource = {DBLP, http://dblp.uni-trier.de},
	Journal = {Data Min. Knowl. Discov.},
	Number = {2},
	Title = {A Tutorial on Support Vector Machines for Pattern Recognition},
	Volume = {2},
	Year = {1998}}

@misc{google:ml,
	Author = {Google, Inc.},
	Title = {http://googleresearch.blogspot.com/2010/04/lessons-learned-developing-practical.html}}

@inproceedings{DBLP:conf/vldb/MilenovaYC05,
	Author = {Boriana L. Milenova and Joseph Yarmus and Marcos M. Campos},
	Bibsource = {DBLP, http://dblp.uni-trier.de},
	Booktitle = {VLDB},
	Ee = {http://www.vldb2005.org/program/paper/wed/p1152-milenova.pdf},
	Title = {SVM in Oracle Database 10g: Removing the Barriers to Widespread Adoption of Support Vector Machines},
	Year = {2005}}

@book{Joachims:2002nx,
	Author = {Joachims, Thorsten},
	Citeulike-Article-Id = {732991},
	Citeulike-Linkout-0 = {http://www.cs.cornell.edu/People/tj/},
	Keywords = {bibtex-import, nlp, svm},
	Posted-At = {2006-07-03 16:05:43},
	Priority = {2},
	Publisher = {Kluwer},
	Title = {Learning to Classify Text using Support Vector Machines},
	Url = {http://www.cs.cornell.edu/People/tj/},
	Year = {2002},
	Bdsk-Url-1 = {http://www.cs.cornell.edu/People/tj/}}

@inproceedings{DBLP:conf/sigmod/DeshpandeM06,
	Author = {Amol Deshpande and Samuel Madden},
	Bibsource = {DBLP, http://dblp.uni-trier.de},
	Booktitle = {SIGMOD},
	Title = {Mauve{DB}: supporting model-based user views in database systems},
	Year = {2006}}

@article{DBLP:journals/vldb/DalviS07,
	Author = {Nilesh N. Dalvi and Dan Suciu},
	Bibsource = {DBLP, http://dblp.uni-trier.de},
	Ee = {http://dx.doi.org/10.1007/s00778-006-0004-3},
	Journal = {VLDB J.},
	Number = {4},
	Title = {Efficient query evaluation on probabilistic databases},
	Volume = {16},
	Year = {2007}}

@inproceedings{DBLP:conf/icde/KennedyK10,
	Author = {Oliver Kennedy and Christoph Koch},
	Bibsource = {DBLP, http://dblp.uni-trier.de},
	Booktitle = {ICDE},
	Ee = {http://dx.doi.org/10.1109/ICDE.2010.5447879},
	Title = {PIP: A database system for great and small expectations},
	Year = {2010}}

@inproceedings{DBLP:conf/sigmod/HuangAKO09,
	Author = {Jiewen Huang and Lyublena Antova and Christoph Koch and Dan Olteanu},
	Bibsource = {DBLP, http://dblp.uni-trier.de},
	Booktitle = {SIGMOD},
	Ee = {http://doi.acm.org/10.1145/1559845.1559984},
	Title = {MayBMS: a probabilistic database management system},
	Year = {2009}}

@inproceedings{DBLP:conf/icde/OlteanuHK09,
	Author = {Dan Olteanu and Jiewen Huang and Christoph Koch},
	Bibsource = {DBLP, http://dblp.uni-trier.de},
	Booktitle = {ICDE},
	Ee = {http://dx.doi.org/10.1109/ICDE.2009.123},
	Title = {SPROUT: Lazy vs. Eager Query Plans for Tuple-Independent Probabilistic Databases},
	Year = {2009}}

@inproceedings{DBLP:conf/cidr/Widom05,
	Author = {Jennifer Widom},
	Bibsource = {DBLP, http://dblp.uni-trier.de},
	Booktitle = {CIDR},
	Ee = {http://www.cidrdb.org/cidr2005/papers/P22.pdf},
	Title = {Trio: A System for Integrated Management of Data, Accuracy, and Lineage},
	Year = {2005}}

@inproceedings{DBLP:conf/nips/BottouB07,
	Author = {L{\'e}on Bottou and Olivier Bousquet},
	Bibsource = {DBLP, http://dblp.uni-trier.de},
	Booktitle = {NIPS},
	Ee = {http://books.nips.cc/papers/files/nips20/NIPS2007_0726.pdf},
	Title = {The Tradeoffs of Large Scale Learning},
	Year = {2007}}

@inproceedings{DBLP:conf/icml/CollobertSWB06,
	Author = {Ronan Collobert and Fabian H. Sinz and Jason Weston and L{\'e}on Bottou},
	Bibsource = {DBLP, http://dblp.uni-trier.de},
	Booktitle = {ICML},
	Ee = {http://doi.acm.org/10.1145/1143844.1143870},
	Title = {Trading convexity for scalability},
	Year = {2006}}

@inproceedings{DBLP:conf/pods/Hellerstein10,
	Author = {Joseph M. Hellerstein},
	Bibsource = {DBLP, http://dblp.uni-trier.de},
	Booktitle = {PODS},
	Ee = {http://doi.acm.org/10.1145/1807085},
	Title = {Datalog redux: experience and conjecture},
	Year = {2010}
}

@article{DBLP:journals/cacm/LooCGGHMRRS09,
	Author = {Boon Thau Loo and Tyson Condie and Minos N. Garofalakis and David E. Gay and Joseph M. Hellerstein and Petros Maniatis and Raghu Ramakrishnan and Timothy Roscoe and Ion Stoica},
	Bibsource = {DBLP, http://dblp.uni-trier.de},
	Ee = {http://doi.acm.org/10.1145/1592761.1592785},
	Journal = {Commun. ACM},
	Number = {11},
	Title = {Declarative networking},
	Volume = {52},
	Year = {2009}}

@inproceedings{DBLP:conf/sosp/LooCHMRS05,
	Author = {Boon Thau Loo and Tyson Condie and Joseph M. Hellerstein and Petros Maniatis and Timothy Roscoe and Ion Stoica},
	Bibsource = {DBLP, http://dblp.uni-trier.de},
	Booktitle = {SOSP},
	Ee = {http://doi.acm.org/10.1145/1095810.1095818},
	Title = {Implementing declarative overlays},
	Year = {2005}}

@inproceedings{DBLP:conf/sigmod/BlakeleyLT86,
	Author = {Jos{\'e} A. Blakeley and Per-{\AA}ke Larson and Frank Wm. Tompa},
	Bibsource = {DBLP, http://dblp.uni-trier.de},
	Booktitle = {SIGMOD},
	Ee = {http://doi.acm.org/10.1145/16894.16861, db/conf/sigmod/BlakeleyLT86.html},
	Pages = {61-71},
	Title = {Efficiently Updating Materialized Views},
	Year = {1986}}

@inproceedings{DBLP:conf/sigmod/GoldsteinL01,
	Author = {Jonathan Goldstein and Per-{\AA}ke Larson},
	Bibsource = {DBLP, http://dblp.uni-trier.de},
	Booktitle = {SIGMOD},
	Ee = {http://doi.acm.org/10.1145/375663.375706, http://www.acm.org/sigs/sigmod/sigmod01/eproceedings/papers/Research-Goldstein-Larson.pdf},
	Pages = {331-342},
	Title = {Optimizing Queries Using Materialized Views: A practical, scalable solution},
	Year = {2001}}

@inproceedings{DBLP:conf/cidr/MadhavanCDHJKY07,
	Author = {Jayant Madhavan and Shirley Cohen and Xin Luna Dong and Alon Y. Halevy and Shawn R. Jeffery and David Ko and Cong Yu},
	Bibsource = {DBLP, http://dblp.uni-trier.de},
	Booktitle = {CIDR},
	Ee = {http://www.cidrdb.org/cidr2007/papers/cidr07p40.pdf},
	Pages = {342-350},
	Title = {Web-Scale Data Integration: You can afford to Pay as You Go},
	Year = {2007}}

@article{DBLP:journals/pvldb/FranklinHM08,
	Author = {Michael J. Franklin and Alon Y. Halevy and David Maier},
	Bibsource = {DBLP, http://dblp.uni-trier.de},
	Ee = {http://www.vldb.org/pvldb/1/1454217.pdf},
	Journal = {PVLDB},
	Number = {2},
	Pages = {1516-1517},
	Title = {A first tutorial on dataspaces},
	Volume = {1},
	Year = {2008}}

@inproceedings{DBLP:conf/sigmod/SarmaDH08,
	Author = {Anish Das Sarma and Xin Dong and Alon Y. Halevy},
	Bibsource = {DBLP, http://dblp.uni-trier.de},
	Booktitle = {SIGMOD},
	Ee = {http://doi.acm.org/10.1145/1376616.1376702},
	Pages = {861-874},
	Title = {Bootstrapping pay-as-you-go data integration systems},
	Year = {2008}}

@inproceedings{DBLP:conf/vldb/ArasuGK06,
	Author = {Arvind Arasu and Venkatesh Ganti and Raghav Kaushik},
	Bibsource = {DBLP, http://dblp.uni-trier.de},
	Booktitle = {VLDB},
	Ee = {http://www.vldb.org/conf/2006/p918-arasu.pdf},
	Pages = {918-929},
	Title = {Efficient Exact Set-Similarity Joins},
	Year = {2006}}

@inproceedings{DBLP:conf/sigmod/ArasuCGK08,
	Author = {Arvind Arasu and Surajit Chaudhuri and Kris Ganjam and Raghav Kaushik},
	Bibsource = {DBLP, http://dblp.uni-trier.de},
	Booktitle = {SIGMOD},
	Ee = {http://doi.acm.org/10.1145/1376616.1376742},
	Pages = {1231-1234},
	Title = {Incorporating string transformations in record matching},
	Year = {2008}}

@article{DBLP:journals/vldb/CuiW03,
	Author = {Yingwei Cui and Jennifer Widom},
	Bibsource = {DBLP, http://dblp.uni-trier.de},
	Ee = {http://springerlink.metapress.com/openurl.asp?genre=article{\&}issn=1066-8888{\&}volume=12{\&}issue=1{\&}spage=41},
	Journal = {VLDB J.},
	Number = {1},
	Pages = {41-58},
	Title = {Lineage tracing for general data warehouse transformations},
	Volume = {12},
	Year = {2003}}

@inproceedings{DBLP:conf/icde/Woodruff97,
	Author = {Allison Woodruff and Michael Stonebraker},
	Bibsource = {DBLP, http://dblp.uni-trier.de},
	Booktitle = {ICDE},
	Ee = {db/conf/icde/Woodruff97.html},
	Pages = {91-102},
	Title = {Supporting Fine-grained Data Lineage in a Database Visualization Environment},
	Year = {1997}}

@inproceedings{DBLP:conf/pods/GreenKT07,
	Author = {Todd J. Green and Gregory Karvounarakis and Val Tannen},
	Bibsource = {DBLP, http://dblp.uni-trier.de},
	Booktitle = {PODS},
	Ee = {http://doi.acm.org/10.1145/1265530.1265535},
	Pages = {31-40},
	Title = {Provenance semirings},
	Year = {2007}}

@inproceedings{DBLP:conf/sigmod/BunemanT07,
	Author = {Peter Buneman and Wang Chiew Tan},
	Bibsource = {DBLP, http://dblp.uni-trier.de},
	Booktitle = {SIGMOD},
	Ee = {http://doi.acm.org/10.1145/1247480.1247646},
	Pages = {1171-1173},
	Title = {Provenance in databases},
	Year = {2007}}

@inproceedings{DBLP:conf/focs/Toda89,
	Author = {Seinosuke Toda},
	Bibsource = {DBLP, http://dblp.uni-trier.de},
	Booktitle = {FOCS},
	Pages = {514-519},
	Title = {On the Computational Power of {PP} and {+P}},
	Year = {1989}}

@book{papad:book,
	Address = {Upper Saddle River, NJ, USA},
	Author = {Papadimitriou, Christos H. and Steiglitz, Kenneth},
	Isbn = {0-13-152462-3},
	Publisher = {Prentice-Hall, Inc.},
	Title = {Combinatorial optimization: algorithms and complexity},
	Year = {1982}}

@inproceedings{DBLP:conf/icde/SolimanIC07,
	Author = {Mohamed A. Soliman and Ihab F. Ilyas and Kevin Chen-Chuan Chang},
	Bibsource = {DBLP, http://dblp.uni-trier.de},
	Booktitle = {ICDE},
	Ee = {http://dx.doi.org/10.1109/ICDE.2007.367935},
	Pages = {896-905},
	Title = {Top-k Query Processing in Uncertain Databases},
	Year = {2007}}

@inproceedings{DBLP:conf/icde/ReDS07,
	Author = {Christopher R\'{e} and Nilesh N. Dalvi and Dan Suciu},
	Bibsource = {DBLP, http://dblp.uni-trier.de},
	Booktitle = {ICDE},
	Ee = {http://dx.doi.org/10.1109/ICDE.2007.367934},
	Pages = {886-895},
	Title = {Efficient Top-k Query Evaluation on Probabilistic Data},
	Year = {2007}}

@inproceedings{DBLP:conf/sigmod/HuaPZL08,
	Author = {Ming Hua and Jian Pei and Wenjie Zhang and Xuemin Lin},
	Bibsource = {DBLP, http://dblp.uni-trier.de},
	Booktitle = {SIGMOD},
	Ee = {http://doi.acm.org/10.1145/1376616.1376685},
	Pages = {673-686},
	Title = {Ranking queries on uncertain data: a probabilistic threshold approach},
	Year = {2008}}

@inproceedings{DBLP:conf/vldb/ReS07,
	Author = {Christopher R\'{e} and Dan Suciu},
	Bibsource = {DBLP, http://dblp.uni-trier.de},
	Booktitle = {VLDB},
	Ee = {http://www.vldb.org/conf/2007/papers/research/p51-re.pdf},
	Pages = {51-62},
	Title = {Materialized Views in Probabilistic Databases for Information Exchange and Query Optimization},
	Year = {2007}}

@article{DBLP:journals/pvldb/ReS08,
	Author = {Christopher R{\'e} and Dan Suciu},
	Bibsource = {DBLP, http://dblp.uni-trier.de},
	Ee = {http://www.vldb.org/pvldb/1/1453943.pdf},
	Journal = {PVLDB},
	Number = {1},
	Pages = {797-808},
	Title = {Approximate lineage for probabilistic databases},
	Volume = {1},
	Year = {2008}}

@article{DBLP:journals/vldb/ReS09,
	Author = {Christopher R{\'e} and Dan Suciu},
	Bibsource = {DBLP, http://dblp.uni-trier.de},
	Ee = {http://dx.doi.org/10.1007/s00778-009-0151-4},
	Journal = {VLDB J.},
	Number = {5},
	Pages = {1091-1116},
	Title = {The trichotomy of HAVING queries on a probabilistic database},
	Volume = {18},
	Year = {2009}}

@inproceedings{DBLP:conf/dbpl/ReS07,
	Author = {Christopher R{\'e} and Dan Suciu},
	Bibsource = {DBLP, http://dblp.uni-trier.de},
	Booktitle = {DBPL},
	Ee = {http://dx.doi.org/10.1007/978-3-540-75987-4_13},
	Pages = {186-200},
	Title = {Efficient Evaluation of \texttt{HAVING} Queries},
	Year = {2007}}

@inproceedings{DBLP:conf/sum/ReS08,
	Author = {Christopher R{\'e} and Dan Suciu},
	Bibsource = {DBLP, http://dblp.uni-trier.de},
	Booktitle = {SUM},
	Ee = {http://dx.doi.org/10.1007/978-3-540-87993-0_3},
	Pages = {5-18},
	Title = {Managing Probabilistic Data with MystiQ: The Can-Do, the Could-Do, and the Can't-Do},
	Year = {2008}}

@inproceedings{DBLP:conf/cikm/ReS07,
	Author = {Christopher R\'{e} and Dan Suciu},
	Bibsource = {DBLP, http://dblp.uni-trier.de},
	Booktitle = {CIKM},
	Ee = {http://doi.acm.org/10.1145/1321440.1321442},
	Pages = {3-8},
	Title = {Management of data with uncertainties},
	Year = {2007}}

@inproceedings{DBLP:conf/sigmod/BoulosDMMRS05,
	Author = {Jihad Boulos and Nilesh N. Dalvi and Bhushan Mandhani and Shobhit Mathur and Christopher R{\'e} and Dan Suciu},
	Bibsource = {DBLP, http://dblp.uni-trier.de},
	Booktitle = {SIGMOD},
	Ee = {http://doi.acm.org/10.1145/1066157.1066277},
	Pages = {891-893},
	Title = {MYSTIQ: a system for finding more answers by using probabilities},
	Year = {2005}}

@article{DBLP:journals/debu/GreenT06,
	Author = {Todd J. Green and Val Tannen},
	Bibsource = {DBLP, http://dblp.uni-trier.de},
	Ee = {http://sites.computer.org/debull/A06mar/green.ps},
	Journal = {IEEE Data Eng. Bull.},
	Number = {1},
	Pages = {17-24},
	Title = {Models for Incomplete and Probabilistic Information},
	Volume = {29},
	Year = {2006}}

@article{DBLP:journals/iandc/FaginHM90,
	Author = {Ronald Fagin and Joseph Y. Halpern and Nimrod Megiddo},
	Bibsource = {DBLP, http://dblp.uni-trier.de},
	Journal = {Inf. Comput.},
	Number = {1/2},
	Pages = {78-128},
	Title = {A Logic for Reasoning about Probabilities},
	Volume = {87},
	Year = {1990}}

@article{DBLP:journals/jacm/ImielinskiL84,
	Author = {Tomasz Imielinski and Witold Lipski Jr.},
	Bibsource = {DBLP, http://dblp.uni-trier.de},
	Ee = {db/journals/jacm/ImielinskiL84.html, http://doi.acm.org/10.1145/1634.1886},
	Journal = {J. ACM},
	Number = {4},
	Pages = {761-791},
	Title = {Incomplete Information in Relational Databases},
	Volume = {31},
	Year = {1984}}

@article{DBLP:journals/cacm/DalviRS09,
	Author = {Nilesh N. Dalvi and Christopher R{\'e} and Dan Suciu},
	Bibsource = {DBLP, http://dblp.uni-trier.de},
	Ee = {http://doi.acm.org/10.1145/1538788.1538810},
	Journal = {Commun. ACM},
	Number = {7},
	Pages = {86-94},
	Title = {Probabilistic databases: diamonds in the dirt},
	Volume = {52},
	Year = {2009}}

@article{DBLP:journals/pvldb/LetchnerRBP09,
	Author = {Julie Letchner and Christopher R{\'e} and Magdalena Balazinska and Matthai Philipose},
	Bibsource = {DBLP, http://dblp.uni-trier.de},
	Ee = {http://www.vldb.org/pvldb/2/vldb09-62.pdf},
	Journal = {PVLDB},
	Number = {2},
	Pages = {1610-1613},
	Title = {Lahar Demonstration: Warehousing Markovian Streams},
	Volume = {2},
	Year = {2009}}

@inproceedings{DBLP:conf/icde/LetchnerRBP09,
	Author = {Julie Letchner and Christopher R{\'e} and Magdalena Balazinska and Matthai Philipose},
	Bibsource = {DBLP, http://dblp.uni-trier.de},
	Booktitle = {ICDE},
	Ee = {http://dx.doi.org/10.1109/ICDE.2009.21},
	Pages = {246-257},
	Title = {Access Methods for Markovian Streams},
	Year = {2009}}

@inproceedings{DBLP:conf/icde/LetchnerRBP10,
	Author = {Julie Letchner and Christopher R\'{e} and Magdalena Balazinska and Matthai Philipose},
	Bibsource = {DBLP, http://dblp.uni-trier.de},
	Booktitle = {ICDE},
	Ee = {http://dx.doi.org/10.1109/ICDE.2010.5447926},
	Pages = {936-939},
	Title = {Approximation trade-offs in Markovian stream processing: An empirical study},
	Year = {2010}}

@inproceedings{DBLP:conf/icde/ReSF06,
	Author = {Christopher R\'{e} and J{\'e}r{\^o}me Sim{\'e}on and Mary F. Fern{\'a}ndez},
	Bibsource = {DBLP, http://dblp.uni-trier.de},
	Booktitle = {ICDE},
	Ee = {http://doi.ieeecomputersociety.org/10.1109/ICDE.2006.6},
	Pages = {14},
	Title = {A Complete and Efficient Algebraic Compiler for XQuery},
	Year = {2006}}

@inproceedings{DBLP:conf/edbtw/GhelliRS06,
	Author = {Giorgio Ghelli and Christopher R{\'e} and J{\'e}r{\^o}me Sim{\'e}on},
	Bibsource = {DBLP, http://dblp.uni-trier.de},
	Booktitle = {EDBT Workshops},
	Ee = {http://dx.doi.org/10.1007/11896548_17},
	Pages = {178-191},
	Title = {XQuery!: An XML Query Language with Side Effects},
	Year = {2006}}

@inproceedings{DBLP:conf/icdt/Koch09,
	Author = {Christoph Koch},
	Bibsource = {DBLP, http://dblp.uni-trier.de},
	Booktitle = {ICDT},
	Ee = {http://doi.acm.org/10.1145/1514894.1514911},
	Pages = {127-140},
	Title = {A compositional query algebra for second-order logic and uncertain databases},
	Year = {2009}}

@inproceedings{DBLP:conf/icml/LaffertyMP01,
	Author = {John D. Lafferty and Andrew McCallum and Fernando C. N. Pereira},
	Bibsource = {DBLP, http://dblp.uni-trier.de},
	Booktitle = {ICML},
	Pages = {282-289},
	Title = {Conditional Random Fields: Probabilistic Models for Segmenting and Labeling Sequence Data},
	Year = {2001}}

@book{pearl:reasoning,
	Address = {San Francisco, CA, USA},
	Author = {Pearl, Judea},
	Isbn = {1558604790},
	Publisher = {Morgan Kaufmann Publishers Inc.},
	Title = {Probabilistic Reasoning in Intelligent Systems: Networks of Plausible Inference},
	Year = {1988}}

@article{domingos:mln,
	Address = {Hingham, MA, USA},
	Author = {Richardson, Matthew and Domingos, Pedro},
	Doi = {http://dx.doi.org/10.1007/s10994-006-5833-1},
	Issn = {0885-6125},
	Journal = {Mach. Learn.},
	Number = {1-2},
	Pages = {107--136},
	Publisher = {Kluwer Academic Publishers},
	Title = {Markov logic networks},
	Volume = {62},
	Year = {2006},
	Bdsk-Url-1 = {http://dx.doi.org/10.1007/s10994-006-5833-1}}

@article{DBLP:journals/ftml/WainwrightJ08,
	Author = {Martin J. Wainwright and Michael I. Jordan},
	Bibsource = {DBLP, http://dblp.uni-trier.de},
	Ee = {http://dx.doi.org/10.1561/2200000001},
	Journal = {Foundations and Trends in Machine Learning},
	Number = {1-2},
	Pages = {1-305},
	Title = {Graphical Models, Exponential Families, and Variational Inference},
	Volume = {1},
	Year = {2008}}

@techreport{hazy:tr,
	Author = {M. Levent Koc and Christopher R\'{e}},
	Institution = {University of Wisconsin-Madison},
	Title = {Maintaining Classification Views Incrementally inside an {RDBMS}},
	Year = {2010}}

@techreport{Gantz2007IDC,
	Author = {Gantz, John F. and Reinsel, David and Chute, Christopher and Schlichting, Wolfgang and Mcarthur, John and Minton, Stephen and Xheneti, Irida and Toncheva, Anna and Manfrediz, Alex},
	Citeulike-Article-Id = {3111957},
	Citeulike-Linkout-0 = {http://www.emc.com/collateral/analyst-reports/expanding-digital-idc-white-paper.pdf},
	Keywords = {informationcapacity, informationscience},
	Month = {March},
	Posted-At = {2008-08-12 15:33:43},
	Priority = {0},
	Title = {IDC - The Expanding Digital Universe: A Forecast of Worldwide Information Growth Through 2010},
	Url = {http://www.emc.com/collateral/analyst-reports/expanding-digital-idc-white-paper.pdf},
	Year = {2007},
	Bdsk-Url-1 = {http://www.emc.com/collateral/analyst-reports/expanding-digital-idc-white-paper.pdf}}

@misc{crf++,
	Author = {Taku Kudo},
	Title = {CRF++: Yet Another CRF toolkit. http://crfpp.sourceforge.net/}}

@misc{hazy:web,
	Author = {Christopher R\'{e} and M. Levent Koc and Aaron Feng and Balaji Golplan and Kevin Conor},
	Title = {The Hazy System. http://hazy.cs.wisc.edu}}

@article{svm:light,
	Address = {Cambridge, MA, USA},
	Author = {Joachims, Thorsten},
	Book = {Advances in kernel methods: support vector learning},
	Isbn = {0-262-19416-3},
	Pages = {169--184},
	Publisher = {MIT Press},
	Title = {Making large-scale support vector machine learning practical},
	Year = {1999}}

@manual{libsvm,
	Author = {Chih-Chung Chang and Chih-Jen Lin},
	Description = {LIBSVM FAQ},
	Keywords = {java machine_learning programming svm},
	Note = {Software available at \url{http://www.csie.ntu.edu.tw/~cjlin/libsvm}},
	Title = {{LIBSVM}: a library for support vector machines},
	Year = 2001}

@misc{uci:site,
	Author = {A. Frank and A. Asuncion},
	Institution = {University of California, Irvine, School of Information and Computer Sciences},
	Title = {{UCI} Machine Learning Repository},
	Url = {http://archive.ics.uci.edu/ml},
	Year = {2010},
	Bdsk-Url-1 = {http://archive.ics.uci.edu/ml}}

@article{sen:aimag08,
	Author = {Sen, Prithviraj and Namata, Galileo Mark and Bilgic, Mustafa and Getoor, Lise and Gallagher, Brian and Eliassi-Rad, Tina},
	Journal = {AI Magazine},
	Number = {3},
	Pages = {93--106},
	Title = {Collective Classification in Network Data},
	Volume = {29},
	Year = {2008}}

@inproceedings{DBLP:conf/sigmod/SinghMMPHS08,
	Author = {Sarvjeet Singh and Chris Mayfield and Sagar Mittal and Sunil Prabhakar and Susanne E. Hambrusch and Rahul Shah},
	Bibsource = {DBLP, http://dblp.uni-trier.de},
	Booktitle = {SIGMOD},
	Ee = {http://doi.acm.org/10.1145/1376616.1376744},
	Pages = {1239-1242},
	Title = {Orion 2.0: native support for uncertain data},
	Year = {2008}}

@inproceedings{DBLP:conf/nips/CrammerKW06,
	Author = {Koby Crammer and Michael J. Kearns and Jennifer Wortman},
	Bibsource = {DBLP, http://dblp.uni-trier.de},
	Booktitle = {NIPS},
	Crossref = {DBLP:conf/nips/2006},
	Ee = {http://books.nips.cc/papers/files/nips19/NIPS2006_0046.pdf},
	Pages = {321-328},
	Title = {Learning from Multiple Sources},
	Year = {2006}}

@article{DBLP:journals/jmlr/CrammerDKSS06,
	Author = {Koby Crammer and Ofer Dekel and Joseph Keshet and Shai Shalev-Shwartz and Yoram Singer},
	Bibsource = {DBLP, http://dblp.uni-trier.de},
	Ee = {http://www.jmlr.org/papers/v7/crammer06a.html},
	Journal = {Journal of Machine Learning Research},
	Pages = {551-585},
	Title = {Online Passive-Aggressive Algorithms},
	Volume = {7},
	Year = {2006}}

@InProceedings{Dekel11,
  author =    {Ofer Dekel and Ran Gilad-Bachrach and Ohad Shamir and Lin Xiao},
  title =     {Optimal Distributed Online Prediction },
  booktitle =    {{ICML}},
  year =      {2011}
}

@inproceedings{sql:server:cleaning,
	Address = {New York, NY, USA},
	Author = {Chaudhuri, Surajit and Ganjam, Kris and Ganti, Venky and Kapoor, Rahul and Narasayya, Vivek and Vassilakis, Theo},
	Booktitle = {SIGMOD '05: Proceedings of the 2005 ACM SIGMOD international conference on Management of data},
	Doi = {http://doi.acm.org/10.1145/1066157.1066287},
	Isbn = {1-59593-060-4},
	Location = {Baltimore, Maryland},
	Pages = {918--920},
	Publisher = {ACM},
	Title = {Data cleaning in {Microsoft} {SQL} {Server} 2005},
	Year = {2005},
	Bdsk-Url-1 = {http://doi.acm.org/10.1145/1066157.1066287}}

@book{boyd:cvx,
	Address = {New York, NY, USA},
	Author = {Boyd, Stephen and Vandenberghe, Lieven},
	Isbn = {0521833787},
	Publisher = {Cambridge University Press},
	Title = {Convex Optimization},
	Year = {2004}}

@inproceedings{DBLP:conf/cidr/ZhangHY09,
	Author = {Yi Zhang and Herodotos Herodotou and Jun Yang},
	Bibsource = {DBLP, http://dblp.uni-trier.de},
	Booktitle = {CIDR},
	Ee = {http://www-db.cs.wisc.edu/cidr/cidr2009/Paper_43.pdf},
	Title = {{RIOT}: {I/O}-Efficient Numerical Computing without {SQL}},
	Year = {2009}}

@article{DBLP:journals/japll/GeertsP10,
	Author = {Floris Geerts and Antonella Poggi},
	Bibsource = {DBLP, http://dblp.uni-trier.de},
	Ee = {http://dx.doi.org/10.1016/j.jal.2009.09.001},
	Journal = {J. Applied Logic},
	Number = {2},
	Pages = {173-185},
	Title = {On database query languages for K-relations},
	Volume = {8},
	Year = {2010}}

@inproceedings{DBLP:conf/kdd/SarawagiB02,
	Author = {Sunita Sarawagi and Anuradha Bhamidipaty},
	Bibsource = {DBLP, http://dblp.uni-trier.de},
	Booktitle = {KDD},
	Ee = {http://doi.acm.org/10.1145/775047.775087},
	Pages = {269-278},
	Title = {Interactive deduplication using active learning},
	Year = {2002}}

@inproceedings{DBLP:conf/ijcai/TongK01,
	Author = {Simon Tong and Daphne Koller},
	Bibsource = {DBLP, http://dblp.uni-trier.de},
	Booktitle = {IJCAI},
	Pages = {863-869},
	Title = {Active Learning for Structure in Bayesian Networks},
	Year = {2001}}

@article{DBLP:journals/jmlr/TongK01,
	Author = {Simon Tong and Daphne Koller},
	Bibsource = {DBLP, http://dblp.uni-trier.de},
	Ee = {http://www.ai.mit.edu/projects/jmlr/papers/volume2/tong01a/abstract.html},
	Journal = {Journal of Machine Learning Research},
	Pages = {45-66},
	Title = {Support Vector Machine Active Learning with Applications to Text Classification},
	Volume = {2},
	Year = {2001}}

@inproceedings{DBLP:conf/cidr/Berti-EquilleSDMS09,
	Author = {Laure Berti-Equille and Anish Das Sarma and Xin Dong and Am{\'e}lie Marian and Divesh Srivastava},
	Bibsource = {DBLP, http://dblp.uni-trier.de},
	Booktitle = {CIDR},
	Ee = {http://www-db.cs.wisc.edu/cidr/cidr2009/Paper_90.pdf},
	Title = {Sailing the Information Ocean with Awareness of Currents: Discovery and Application of Source Dependence},
	Year = {2009}}

@article{DBLP:journals/tods/ChaudhuriDN07,
	Author = {Surajit Chaudhuri and Gautam Das and Vivek R. Narasayya},
	Bibsource = {DBLP, http://dblp.uni-trier.de},
	Ee = {http://doi.acm.org/10.1145/1242524.1242526},
	Journal = {ACM Trans. Database Syst.},
	Number = {2},
	Pages = {9},
	Title = {Optimized stratified sampling for approximate query processing},
	Volume = {32},
	Year = {2007}}

@inproceedings{DBLP:conf/icde/RusuD09,
	Author = {Florin Rusu and Alin Dobra},
	Bibsource = {DBLP, http://dblp.uni-trier.de},
	Booktitle = {ICDE},
	Ee = {http://dx.doi.org/10.1109/ICDE.2009.31},
	Pages = {381-392},
	Title = {Sketching Sampled Data Streams},
	Year = {2009}}

@article{DBLP:journals/tods/JermaineAPD08,
	Author = {Chris Jermaine and Subramanian Arumugam and Abhijit Pol and Alin Dobra},
	Bibsource = {DBLP, http://dblp.uni-trier.de},
	Ee = {http://doi.acm.org/10.1145/1412331.1412335},
	Journal = {ACM Trans. Database Syst.},
	Number = {4},
	Title = {Scalable approximate query processing with the {DBO} engine},
	Volume = {33},
	Year = {2008}}

@inproceedings{DBLP:conf/vldb/CormodeG05,
	Author = {Graham Cormode and Minos N. Garofalakis},
	Bibsource = {DBLP, http://dblp.uni-trier.de},
	Booktitle = {VLDB},
	Ee = {http://www.vldb2005.org/program/paper/tue/p13-cormode.pdf},
	Pages = {13-24},
	Title = {Sketching Streams Through the Net: Distributed Approximate Query Tracking},
	Year = {2005}}

@inproceedings{DBLP:conf/pods/LevyMSS95,
	Author = {Alon Y. Levy and Alberto O. Mendelzon and Yehoshua Sagiv and Divesh Srivastava},
	Bibsource = {DBLP, http://dblp.uni-trier.de},
	Booktitle = {PODS},
	Ee = {http://doi.acm.org/10.1145/212433.220198, db/conf/pods/LevyMSS95.html},
	Pages = {95-104},
	Title = {Answering Queries Using Views},
	Year = {1995}}

@article{DBLP:journals/vldb/Halevy01,
	Author = {Alon Y. Halevy},
	Bibsource = {DBLP, http://dblp.uni-trier.de},
	Ee = {http://link.springer.de/link/service/journals/00778/bibs/1010004/10100270.htm},
	Journal = {VLDB J.},
	Number = {4},
	Pages = {270-294},
	Title = {Answering queries using views: A survey},
	Volume = {10},
	Year = {2001}}

@inproceedings{DBLP:conf/pods/AbiteboulD98,
	Author = {Serge Abiteboul and Oliver M. Duschka},
	Bibsource = {DBLP, http://dblp.uni-trier.de},
	Booktitle = {PODS},
	Ee = {http://doi.acm.org/10.1145/275487.275516, db/conf/pods/AbiteboulD98.html},
	Pages = {254-263},
	Title = {Complexity of Answering Queries Using Materialized Views},
	Year = {1998}}

@article{DBLP:journals/tods/FaginKP05,
	Author = {Ronald Fagin and Phokion G. Kolaitis and Lucian Popa},
	Bibsource = {DBLP, http://dblp.uni-trier.de},
	Ee = {http://doi.acm.org/10.1145/1061318.1061323},
	Journal = {ACM Trans. Database Syst.},
	Number = {1},
	Pages = {174-210},
	Title = {Data exchange: getting to the core},
	Volume = {30},
	Year = {2005}}

@inproceedings{DBLP:conf/vldb/DongHY07,
	Author = {Xin Luna Dong and Alon Y. Halevy and Cong Yu},
	Bibsource = {DBLP, http://dblp.uni-trier.de},
	Booktitle = {VLDB},
	Ee = {http://www.vldb.org/conf/2007/papers/research/p687-dong.pdf},
	Pages = {687-698},
	Title = {Data Integration with Uncertainty},
	Year = {2007}}


@incollection{factorie,
	Author = {Andrew McCallum and Karl Schultz and Sameer Singh},
	Booktitle = {NIPS 22},
	Editor = {Y. Bengio and D. Schuurmans and J. Lafferty and C. K. I. Williams and A. Culotta},
	Pages = {1249--1257},
	Title = {FACTORIE: Probabilistic Programming via Imperatively Defined Factor Graphs},
	Year = {2009}}

@misc{hadoop:url,
	Author = {Michael J. Cafarella and Doug Downey and Many Others},
	Title = {Hadoop. \url{http://hadoop.apache.org/}}}

@misc{galax:query,
	Author = {Mary F. Fern{\'a}ndez and J{\'e}r{\^o}me Sim{\'e}on and and Many Others},
	Note = {\url{http://galaxquery.org/}},
	Title = {Galax}}

@inproceedings{DBLP:conf/sigmod/BabcockC05,
	Author = {Brian Babcock and Surajit Chaudhuri},
	Bibsource = {DBLP, http://dblp.uni-trier.de},
	Booktitle = {SIGMOD},
	Ee = {http://doi.acm.org/10.1145/1066157.1066172},
	Pages = {119-130},
	Title = {Towards a Robust Query Optimizer: A Principled and Practical Approach},
	Year = {2005}}

@article{DBLP:journals/pvldb/DDH08,
	Author = {Harish D. and Pooja N. Darera and Jayant R. Haritsa},
	Bibsource = {DBLP, http://dblp.uni-trier.de},
	Ee = {http://www.vldb.org/pvldb/1/1453976.pdf},
	Journal = {PVLDB},
	Number = {1},
	Pages = {1124-1140},
	Title = {Identifying robust plans through plan diagram reduction},
	Volume = {1},
	Year = {2008}}

@article{DBLP:journals/cacm/Codd70,
	Author = {E. F. Codd},
	Bibsource = {DBLP, http://dblp.uni-trier.de},
	Ee = {db/journals/cacm/Codd70.html, http://doi.acm.org/10.1145/362384.362685},
	Journal = {Commun. ACM},
	Number = {6},
	Pages = {377-387},
	Title = {A Relational Model of Data for Large Shared Data Banks},
	Volume = {13},
	Year = {1970}}

@article{Rabiner:90,
	Address = {San Francisco, CA, USA},
	Author = {Rabiner, Lawrence R.},
	Book = {Readings in speech recognition},
	Isbn = {1-55860-124-4},
	Pages = {267--296},
	Publisher = {Morgan Kaufmann Publishers Inc.},
	Title = {A tutorial on hidden Markov models and selected applications in speech recognition},
	Year = {1990}}

@inproceedings{DBLP:conf/pods/ReS10,
	Author = {Christopher R{\'e} and Dan Suciu},
	Bibsource = {DBLP, http://dblp.uni-trier.de},
	Booktitle = {PODS},
	Ee = {http://doi.acm.org/10.1145/1807085.1807095},
	Pages = {53-64},
	Title = {Understanding cardinality estimation using entropy maximization},
	Year = {2010}}

@inproceedings{DBLP:conf/sigmod/DongHMN05,
	Author = {Xin Dong and Alon Y. Halevy and Jayant Madhavan},
	Bibsource = {DBLP, http://dblp.uni-trier.de},
	Booktitle = {SIGMOD},
	Ee = {http://doi.acm.org/10.1145/1066157.1066168},
	Pages = {85-96},
	Title = {Reference Reconciliation in Complex Information Spaces},
	Year = {2005}}

@article{ElmagarmidIV07,
	Author = {Ahmed K. Elmagarmid and Panagiotis G. Ipeirotis and Vassilios S. Verykios},
	Bibsource = {DBLP, http://dblp.uni-trier.de},
	Ee = {http://doi.ieeecomputersociety.org/10.1109/TKDE.2007.9},
	Journal = {IEEE Trans. Knowl. Data Eng.},
	Number = {1},
	Pages = {1-16},
	Title = {Duplicate Record Detection: A Survey},
	Volume = {19},
	Year = {2007}}

@article{GionisMT07,
	Author = {Aristides Gionis and Heikki Mannila and Panayiotis Tsaparas},
	Journal = {TKDD},
	Number = {1},
	Title = {Clustering aggregation},
	Volume = {1},
	Year = {2007}}

@article{GuhaRS00,
	Author = {Sudipto Guha and Rajeev Rastogi and Kyuseok Shim},
	Bibsource = {DBLP, http://dblp.uni-trier.de},
	Ee = {http://dx.doi.org/10.1016/S0306-4379(00)00022-3},
	Journal = {Inf. Syst.},
	Number = {5},
	Pages = {345-366},
	Title = {ROCK: A Robust Clustering Algorithm for Categorical Attributes},
	Volume = {25},
	Year = {2000}}

@inproceedings{DBLP:conf/cikm/CulottaM05,
	Author = {Aron Culotta and Andrew McCallum},
	Bibsource = {DBLP, http://dblp.uni-trier.de},
	Booktitle = {CIKM},
	Ee = {http://doi.acm.org/10.1145/1099554.1099615},
	Pages = {257-258},
	Title = {Joint deduplication of multiple record types in relational data},
	Year = {2005}}

@inproceedings{AndritsosTMS04,
	Author = {Periklis Andritsos and Panayiotis Tsaparas and Ren{\'e}e J. Miller and Kenneth C. Sevcik},
	Bibsource = {DBLP, http://dblp.uni-trier.de},
	Booktitle = {EDBT},
	Ee = {http://springerlink.metapress.com/openurl.asp?genre=article{\&}issn=0302-9743{\&}volume=2992{\&}spage=123},
	Pages = {123-146},
	Title = {LIMBO: Scalable Clustering of Categorical Data},
	Year = {2004}}

@article{FaginKS03,
	Author = {Ronald Fagin and Ravi Kumar and D. Sivakumar},
	Bibsource = {DBLP, http://dblp.uni-trier.de},
	Ee = {http://epubs.siam.org/sam-bin/dbq/article/41285},
	Journal = {SIAM J. Discrete Math.},
	Number = {1},
	Pages = {134-160},
	Title = {Comparing Top k Lists},
	Volume = {17},
	Year = {2003}}

@inproceedings{RamanH01,
	Author = {Vijayshankar Raman and Joseph M. Hellerstein},
	Bibsource = {DBLP, http://dblp.uni-trier.de},
	Booktitle = {VLDB},
	Ee = {http://www.vldb.org/conf/2001/P381.pdf},
	Pages = {381-390},
	Title = {Potter's Wheel: An Interactive Data Cleaning System},
	Year = {2001}}

@inproceedings{DBLP:conf/pods/KimelfeldR10,
	Author = {Benny Kimelfeld and Christopher R{\'e}},
	Bibsource = {DBLP, http://dblp.uni-trier.de},
	Booktitle = {PODS},
	Ee = {http://doi.acm.org/10.1145/1807085.1807090},
	Title = {Transducing Markov sequences},
	Year = {2010}}

@inproceedings{trevor:hastie:talk,
	Author = {Trevor Hastie},
	Booktitle = {President's invited lecture, ISI meeting 2009, Durban, South Africa},
	Title = {Modern Trends in Data Mining},
	Year = {2009}}

@book{cowbook,
	Address = {New York, NY, USA},
	Author = {Ramakrishnan, Raghu and Gehrke, Johannes},
	Isbn = {0072465638, 9780072465631},
	Publisher = {McGraw-Hill, Inc.},
	Title = {Database Management Systems},
	Year = {2003}}

@inproceedings{DBLP:conf/aaai/EtzioniBC06,
	Author = {Oren Etzioni and Michele Banko and Michael J. Cafarella},
	Bibsource = {DBLP, http://dblp.uni-trier.de},
	Booktitle = {AAAI},
	Title = {Machine Reading},
	Year = {2006}}

@inproceedings{DBLP:conf/naacl/YatesBBCES07,
	Author = {Alexander Yates and Michele Banko and Matthew Broadhead and Michael J. Cafarella and Oren Etzioni and Stephen Soderland},
	Bibsource = {DBLP, http://dblp.uni-trier.de},
	Booktitle = {HLT-NAACL (Demonstrations)},
	Ee = {http://www.aclweb.org/anthology/N07-4013},
	Pages = {25-26},
	Title = {TextRunner: Open Information Extraction on the Web},
	Year = {2007}}

@article{DBLP:journals/debu/JayramKRVZ06,
	Author = {T. S. Jayram and Rajasekar Krishnamurthy and Sriram Raghavan and Shivakumar Vaithyanathan and Huaiyu Zhu},
	Bibsource = {DBLP, http://dblp.uni-trier.de},
	Ee = {http://sites.computer.org/debull/A06mar/jayram.ps},
	Journal = {IEEE Data Eng. Bull.},
	Number = {1},
	Pages = {40-48},
	Title = {Avatar Information Extraction System},
	Volume = {29},
	Year = {2006}}

@inproceedings{DBLP:conf/sigmod/MichelakisKHV09,
	Author = {Eirinaios Michelakis and Rajasekar Krishnamurthy and Peter J. Haas and Shivakumar Vaithyanathan},
	Bibsource = {DBLP, http://dblp.uni-trier.de},
	Booktitle = {SIGMOD},
	Ee = {http://doi.acm.org/10.1145/1559845.1559858},
	Pages = {101-114},
	Title = {Uncertainty management in rule-based information extraction systems},
	Year = {2009}}

@inproceedings{DBLP:conf/emnlp/PoonD09,
	Author = {Hoifung Poon and Pedro Domingos},
	Bibsource = {DBLP, http://dblp.uni-trier.de},
	Booktitle = {EMNLP},
	Ee = {http://www.aclweb.org/anthology/D09-1001},
	Pages = {1-10},
	Title = {Unsupervised Semantic Parsing},
	Year = {2009}}

@article{DBLP:journals/ml/DoanDH03,
	Author = {AnHai Doan and Pedro Domingos and Alon Y. Halevy},
	Bibsource = {DBLP, http://dblp.uni-trier.de},
	Journal = {Machine Learning},
	Number = {3},
	Pages = {279-301},
	Title = {Learning to Match the Schemas of Data Sources: A Multistrategy Approach},
	Volume = {50},
	Year = {2003}}

@inproceedings{DBLP:conf/vldb/BurdickDRV07,
	Author = {Douglas Burdick and AnHai Doan and Raghu Ramakrishnan and Shivakumar Vaithyanathan},
	Bibsource = {DBLP, http://dblp.uni-trier.de},
	Booktitle = {VLDB},
	Ee = {http://www.vldb.org/conf/2007/papers/research/p39-burdick.pdf},
	Pages = {39-50},
	Title = {OLAP over Imprecise Data with Domain Constraints},
	Year = {2007}}

@inproceedings{DBLP:conf/sigmod/SarmaJS10,
	Author = {Anish Das Sarma and Alpa Jain and Divesh Srivastava},
	Bibsource = {DBLP, http://dblp.uni-trier.de},
	Booktitle = {SIGMOD},
	Ee = {http://doi.acm.org/10.1145/1807167.1807253},
	Pages = {795-806},
	Title = {{I4E}: interactive investigation of iterative information extraction},
	Year = {2010}}

@book{DBLP:books/aw/AbiteboulHV95,
	Author = {Serge Abiteboul and Richard Hull and Victor Vianu},
	Bibsource = {DBLP, http://dblp.uni-trier.de},
	Isbn = {0-201-53771-0},
	Publisher = {Addison-Wesley},
	Title = {Foundations of Databases},
	Year = {1995}}

@book{handbook:formal:languages,
	Address = {New York, NY, USA},
	Editor = {Rozenberg, Grzegorz and Salomaa, Arto},
	Isbn = {3-540-60420-0},
	Publisher = {Springer-Verlag New York, Inc.},
	Title = {Handbook of formal languages, vol. 1: word, language, grammar},
	Year = {1997}}

@inproceedings{DBLP:conf/ijcai/MilchMRSOK05,
	Author = {Brian Milch and Bhaskara Marthi and Stuart J. Russell and David Sontag and Daniel L. Ong and Andrey Kolobov},
	Bibsource = {DBLP, http://dblp.uni-trier.de},
	Booktitle = {IJCAI},
	Ee = {http://www.ijcai.org/papers/1546.pdf},
	Pages = {1352-1359},
	Title = {BLOG: Probabilistic Models with Unknown Objects},
	Year = {2005}}

@inproceedings{DBLP:conf/agi/Milch08,
	Author = {Brian Milch},
	Bibsource = {DBLP, http://dblp.uni-trier.de},
	Booktitle = {AGI},
	Pages = {248-255},
	Title = {Artificial General Intelligence through Large-Scale, Multimodal Bayesian Learning},
	Year = {2008}}

@inproceedings{DBLP:conf/ijcai/FriedmanGKP99,
	Author = {Nir Friedman and Lise Getoor and Daphne Koller and Avi Pfeffer},
	Bibsource = {DBLP, http://dblp.uni-trier.de},
	Booktitle = {IJCAI},
	Pages = {1300-1309},
	Title = {Learning Probabilistic Relational Models},
	Year = {1999}}

@inproceedings{DBLP:conf/icml/GetoorFKT01,
	Author = {Lise Getoor and Nir Friedman and Daphne Koller and Benjamin Taskar},
	Bibsource = {DBLP, http://dblp.uni-trier.de},
	Booktitle = {ICML},
	Pages = {170-177},
	Title = {Learning Probabilistic Models of Relational Structure},
	Year = {2001}}

@inproceedings{DBLP:conf/aaai/RothS08,
	Author = {Dan Roth and Kevin Small},
	Bibsource = {DBLP, http://dblp.uni-trier.de},
	Booktitle = {AAAI},
	Pages = {683-688},
	Title = {Active Learning for Pipeline Models},
	Year = {2008}}

@inproceedings{DBLP:conf/aaai/ChangRRR08,
	Author = {Ming-Wei Chang and Lev-Arie Ratinov and Nicholas Rizzolo and Dan Roth},
	Bibsource = {DBLP, http://dblp.uni-trier.de},
	Booktitle = {AAAI},
	Pages = {1513-1518},
	Title = {Learning and Inference with Constraints},
	Year = {2008}}

@inproceedings{DBLP:conf/icml/Shalev-ShwartzSS07,
	Author = {Shai Shalev-Shwartz and Yoram Singer and Nathan Srebro},
	Bibsource = {DBLP, http://dblp.uni-trier.de},
	Booktitle = {ICML},
	Ee = {http://doi.acm.org/10.1145/1273496.1273598},
	Pages = {807-814},
	Title = {Pegasos: Primal Estimated sub-GrAdient SOlver for SVM},
	Year = {2007}}

@article{DBLP:journals/jair/CohnGJ96,
	Author = {David A. Cohn and Zoubin Ghahramani and Michael I. Jordan},
	Bibsource = {DBLP, http://dblp.uni-trier.de},
	Ee = {http://dx.doi.org/10.1613/jair.295},
	Journal = {J. Artif. Intell. Res. (JAIR)},
	Pages = {129-145},
	Title = {Active Learning with Statistical Models},
	Volume = {4},
	Year = {1996}}

@misc{twitter:update,
	Author = {Twitter},
	Note = {\url{http://blog.twitter.com/2010/06/big-goals-big-game-big-records.html}},
	Title = {Big Goals, Big Game, Big Records}}

@misc{facebook:update,
	Author = {Facebook},
	Note = {\url{http://www.facebook.com/press/info.php?statistics}},
	Title = {Statistics.}}

@misc{searchengine:updates,
	Author = {Matt McGee},
	Note = {\url{http://searchengineland.com/by-the-numbers-twitter-vs-facebook-vs-google-buzz-36709}},
	Title = {By The Numbers: Twitter Vs. Facebook Vs. Google Buzz.}}

@article{DBLP:journals/tods/MaddenFHH05,
	Author = {Samuel Madden and Michael J. Franklin and Joseph M. Hellerstein and Wei Hong},
	Bibsource = {DBLP, http://dblp.uni-trier.de},
	Ee = {http://doi.acm.org/10.1145/1061318.1061322},
	Journal = {ACM Trans. Database Syst.},
	Number = {1},
	Pages = {122-173},
	Title = {TinyDB: an acquisitional query processing system for sensor networks},
	Volume = {30},
	Year = {2005}}

@misc{Bell_thebellkor,
	Author = {Robert M. Bell and Yehuda Koren and Chris Volinsky},
	Title = {The BellKor solution to the Netflix Prize},
	Year = {2009}}

@misc{netflix:prize,
	Author = {Netflix},
	Note = {\url{http://www.netflixprize.com/}},
	Title = {Netflix Prize}}

@inproceedings{DBLP:conf/kdd/Koren09,
	Author = {Yehuda Koren},
	Bibsource = {DBLP, http://dblp.uni-trier.de},
	Booktitle = {KDD},
	Ee = {http://doi.acm.org/10.1145/1557019.1557072},
	Pages = {447-456},
	Title = {Collaborative filtering with temporal dynamics},
	Year = {2009}}

@misc{facebook:buzz,
	Author = {buzzbox},
	Note = {\url{http://www.buzzbox.com/top/default/preview/10-000-pieces-of-information-are-exchanged-per-second-on-faceboo/?id=1519494&topic=facebook\%3Ayuri}},
	Year = {2010}}

@inproceedings{kate:moore,
	Author = {Katherine F. Moore and Vibhor Rastogi and Christopher R\'{e} and Dan Suicu},
	Booktitle = {Management of Uncertain Data (MUD) with VLDB},
	Title = {Query Containment of Tier-2 Queries over a Probabilistic Database},
	Year = {2009}}

@article{DBLP:journals/mp/EcksteinB92,
	Author = {Jonathan Eckstein and Dimitri P. Bertsekas},
	Bibsource = {DBLP, http://dblp.uni-trier.de},
	Journal = {Math. Program.},
	Pages = {293-318},
	Title = {On the Douglas-Rachford splitting method and the proximal point algorithm for maximal monotone operators},
	Volume = {55},
	Year = {1992}}

@misc{Combettes_adouglas-rachford,
	Author = {Patrick L. Combettes and Jean-christophe Pesquet and Senior Member},
	Title = {A Douglas-Rachford Splitting Approach to Nonsmooth Convex Variational Signal Recovery},
	Year = {2009}}

@misc{Rockafellar93lagrangemultipliers,
	Author = {R. Tyrrell Rockafellar},
	Title = {LAGRANGE MULTIPLIERS AND OPTIMALITY},
	Year = {1993}}

@inproceedings{webdb:hadoop,
	Author = {Michael J. Cafarella and Christopher R\'{e}},
	Booktitle = {WebDB with SIGMOD},
	Title = {Manimal: Relational Optimization for Data-Intensive Programs},
	Year = {2010}}

@article{Barg00problem:basedlearning,
	Author = {Mike Barg and Alan Fekete and Tony Greening and Owen Holl and Judy Kay and H. Kingston and Kathryn Crawford},
	Journal = {Computer Science Education},
	Pages = {109--128},
	Title = {Problem-Based Learning for Foundation Computer Science Courses},
	Volume = {10},
	Year = {2000}}

@article{pbl:review,
	Author = {Mark A. Albanese and Susan Mitchell},
	Journal = {Academic Medicine},
	Pages = {52--81},
	Title = {Problem-based learning: A Review of Literature Its Outcomes and Implementation Issues},
	Volume = {68},
	Year = {1993}}

@article{eckstein:787,
	Author = {Jonathan Eckstein and B. F. Svaiter},
	Doi = {10.1137/070698816},
	Journal = {SIAM Journal on Control and Optimization},
	Keywords = {monotone operators; splitting algorithms; proximal algorithms},
	Number = {2},
	Pages = {787-811},
	Publisher = {SIAM},
	Title = {General Projective Splitting Methods for Sums of Maximal Monotone Operators},
	Url = {http://link.aip.org/link/?SJC/48/787/1},
	Volume = {48},
	Year = {2009},
	Bdsk-Url-1 = {http://link.aip.org/link/?SJC/48/787/1},
	Bdsk-Url-2 = {http://dx.doi.org/10.1137/070698816}}

@inproceedings{DBLP:conf/sigmod/TranPLDL10,
	Author = {Thanh T. L. Tran and Liping Peng and Boduo Li and Yanlei Diao and Anna Liu},
	Bibsource = {DBLP, http://dblp.uni-trier.de},
	Booktitle = {SIGMOD},
	Ee = {http://doi.acm.org/10.1145/1807167.1807187},
	Pages = {159-170},
	Title = {{PODS}: a new model and processing algorithms for uncertain data streams},
	Year = {2010}}

@inproceedings{DBLP:conf/vldb/DeshpandeGMHH04,
	Author = {Amol Deshpande and Carlos Guestrin and Samuel Madden and Joseph M. Hellerstein and Wei Hong},
	Bibsource = {DBLP, http://dblp.uni-trier.de},
	Booktitle = {VLDB},
	Ee = {http://www.vldb.org/conf/2004/RS16P1.PDF},
	Pages = {588-599},
	Title = {Model-Driven Data Acquisition in Sensor Networks},
	Year = {2004}}

@inproceedings{DBLP:conf/icde/KanagalD09,
	Author = {Bhargav Kanagal and Amol Deshpande},
	Bibsource = {DBLP, http://dblp.uni-trier.de},
	Booktitle = {ICDE},
	Ee = {http://dx.doi.org/10.1109/ICDE.2009.229},
	Title = {Efficient Query Evaluation over Temporally Correlated Probabilistic Streams},
	Year = {2009}}

@incollection{DBLP:reference/db/YangMS09,
	Author = {Jun Yang and Kamesh Munagala and Adam Silberstein},
	Bibsource = {DBLP, http://dblp.uni-trier.de},
	Booktitle = {Encyclopedia of Database Systems},
	Ee = {http://dx.doi.org/10.1007/978-0-387-39940-9_93},
	Pages = {552-557},
	Title = {Data Aggregation in Sensor Networks},
	Year = {2009}}

@book{lang:algebra,
	Author = {Serge Lang},
	Edition = {3rd},
	Publisher = {Springer},
	Title = {Algebra},
	Year = {2002}}

@book{Rockafellar1996Convex,
	Author = {R. Tyrrell Rockafellar},
	Day = {23},
	Howpublished = {Paperback},
	Isbn = {0691015864},
	Keywords = {books, convexity},
	Posted-At = {2006-11-30 20:32:03},
	Priority = {2},
	Publisher = {{Princeton University Press}},
	Title = {Convex Analysis (Princeton Landmarks in Mathematics and Physics)},
	Url = {http://www.worldcat.org/isbn/0691015864},
	Year = {1996},
	Bdsk-Url-1 = {http://www.worldcat.org/isbn/0691015864}}

@inproceedings{DBLP:conf/sigmod/AgichteinGV01,	
	Author = {Eugene Agichtein and Luis Gravano and Jeff Pavel and Viktoriya Sokolova and Aleksandr Voskoboynik},
	Bibsource = {DBLP, http://dblp.uni-trier.de},
	Booktitle = {SIGMOD},
	Ee = {http://doi.acm.org/10.1145/375663.375774, http://www.acm.org/sigs/sigmod/sigmod01/eproceedings/papers/Demo-Egichtein-et-al.pdf},
	Pages = {612},
	Title = {Snowball: A Prototype System for Extracting Relations from Large Text Collections},
	Year = {2001}}

@article{DBLP:journals/tods/JayramMMV08,
	Author = {T. S. Jayram and Andrew McGregor and S. Muthukrishnan and Erik Vee},
	Bibsource = {DBLP, http://dblp.uni-trier.de},
	Ee = {http://doi.acm.org/10.1145/1412331.1412338},
	Journal = {ACM Trans. Database Syst.},
	Number = {4},
	Title = {Estimating statistical aggregates on probabilistic data streams},
	Volume = {33},
	Year = {2008}}

@inproceedings{DBLP:conf/podc/CormodeTX07,
	Author = {Graham Cormode and Srikanta Tirthapura and Bojian Xu},
	Bibsource = {DBLP, http://dblp.uni-trier.de},
	Booktitle = {PODC},
	Ee = {http://doi.acm.org/10.1145/1281100.1281132},
	Pages = {215-224},
	Title = {Time-decaying sketches for sensor data aggregation},
	Year = {2007}}

@inproceedings{Duchi10,
	Author = {John Duchi and Alekh Agarwal and Martin J.~Wainwright},
	Booktitle = {NIPS},
	Date-Added = {2011-05-09 20:45:54 -0500},
	Date-Modified = {2011-05-09 20:47:00 -0500},
	Title = {Distributed dual averaging in networks.},
	Year = {2010}}

@inproceedings{DBLP:conf/stoc/AlonMS96,
	Author = {Noga Alon and Yossi Matias and Mario Szegedy},
	Bibsource = {DBLP, http://dblp.uni-trier.de},
	Booktitle = {STOC},
	Ee = {http://doi.acm.org/10.1145/237814.237823},
	Title = {The Space Complexity of Approximating the Frequency Moments},
	Year = {1996}}

@inproceedings{DBLP:conf/vldb/BernsteinH07,
	Author = {Philip A. Bernstein and Howard Ho},
	Bibsource = {DBLP, http://dblp.uni-trier.de},
	Booktitle = {VLDB},
	Ee = {http://www.vldb.org/conf/2007/papers/tutorials/p1439-bernstein.pdf},
	Pages = {1439-1440},
	Title = {Model Management and Schema Mappings: Theory and Practice},
	Year = {2007}}

@article{DBLP:journals/ws/SuchanekKW08,
	Author = {Fabian M. Suchanek and Gjergji Kasneci and Gerhard Weikum},
	Bibsource = {DBLP, http://dblp.uni-trier.de},
	Ee = {http://dx.doi.org/10.1016/j.websem.2008.06.001},
	Journal = {J. Web Sem.},
	Number = {3},
	Pages = {203-217},
	Title = {YAGO: A Large Ontology from Wikipedia and WordNet},
	Volume = {6},
	Year = {2008}}

@inproceedings{DBLP:conf/colt/BlumM98,
	Author = {Avrim Blum and Tom M. Mitchell},
	Bibsource = {DBLP, http://dblp.uni-trier.de},
	Booktitle = {COLT},
	Ee = {http://doi.acm.org/10.1145/279943.279962},
	Pages = {92-100},
	Title = {Combining Labeled and Unlabeled Sata with Co-Training},
	Year = {1998}}

@article{Valiant79,
	Author = {L. G. Valiant},
	Journal = {Theor. Comput. Sci.},
	Pages = {189-201},
	Title = {The Complexity of Computing the Permanent},
	Volume = {8},
	Year = {1979}}

@book{expert:systems:book,
	Address = {Secaucus, NJ, USA},
	Author = {Cowell, Robert G. and Lauritzen, Steffen L. and David, A. Philip and Spiegelhalter, David J.},
	Editor = {Nair, V. and Lawless, J. and Jordan, M.},
	Isbn = {0387987673},
	Publisher = {Springer-Verlag New York, Inc.},
	Title = {Probabilistic Networks and Expert Systems},
	Year = {1999}}

@article{DBLP:journals/jetai/KimGS10,
	Author = {Jihie Kim and Yolanda Gil and Marc Spraragen},
	Bibsource = {DBLP, http://dblp.uni-trier.de},
	Ee = {http://dx.doi.org/10.1080/09528130902823698},
	Journal = {J. Exp. Theor. Artif. Intell.},
	Number = {2},
	Pages = {103-134},
	Title = {Principles for interactive acquisition and validation of workflows},
	Volume = {22},
	Year = {2010}}

@misc{rfid,
	Author = {RFID Ecosystem},
	Title = {http://rfid.cs.washington.edu}}

@inproceedings{DBLP:conf/pervasive/WelbourneBBF10,
	Author = {Evan Welbourne and Magdalena Balazinska and Gaetano Borriello and James Fogarty},
	Bibsource = {DBLP, http://dblp.uni-trier.de},
	Booktitle = {Pervasive},
	Ee = {http://dx.doi.org/10.1007/978-3-642-12654-3_4},
	Pages = {57-75},
	Title = {Specification and Verification of Complex Location Events with Panoramic},
	Year = {2010}}

@inproceedings{DBLP:conf/vldb/OlkenR86,
  author    = {Frank Olken and
               Doron Rotem},
  title     = {Simple Random Sampling from Relational Databases},
  booktitle = {VLDB},
  year      = {1986},
  pages     = {160-169},
  ee        = {db/conf/vldb/OlkenR86.html},
  crossref  = {DBLP:conf/vldb/86},
  bibsource = {DBLP, http://dblp.uni-trier.de}
}

@article{DBLP:journals/pvldb/KocR11,
  author    = {Mehmet Levent Koc and
               Christopher R{\'e}},
  title     = {Incrementally maintaining classification using an {RDBMS}},
  journal   = {PVLDB},
  volume    = {4},
  number    = {5},
  year      = {2011},
  ee        = {http://portal.acm.org/citation.cfm?id=1952380{\&}CFID=12591584{\&}CFTOKEN=15173685},
  bibsource = {DBLP, http://dblp.uni-trier.de}
}

@inproceedings{DBLP:conf/vldb/StonebrakerABCCFLLMOORTZ05,
  author    = {Michael Stonebraker and
               Daniel J. Abadi and
               Adam Batkin and
               Xuedong Chen and
               Mitch Cherniack and
               Miguel Ferreira and
               Edmond Lau and
               Amerson Lin and
               Samuel Madden and
               Elizabeth J. O'Neil and
               Patrick E. O'Neil and
               Alex Rasin and
               Nga Tran and
               Stanley B. Zdonik},
  title     = {C-Store: A Column-oriented {DBMS}},
  booktitle = {VLDB},
  year      = {2005},
  pages     = {553-564},
  ee        = {http://www.vldb2005.org/program/paper/thu/p553-stonebraker.pdf},
  crossref  = {DBLP:conf/vldb/2005},
  bibsource = {DBLP, http://dblp.uni-trier.de}
}

@article{DBLP:journals/mp/AnstreicherW09,
  author    = {Kurt M. Anstreicher and
               Laurence A. Wolsey},
  title     = {Two "well-known" properties of subgradient optimization},
  journal   = {Math. Program.},
  volume    = {120},
  number    = {1},
  year      = {2009},
  ee        = {http://dx.doi.org/10.1007/s10107-007-0148-y},
  bibsource = {DBLP, http://dblp.uni-trier.de}
}

@inproceedings{Zinkevich10,
  author = {M Zinkevich and M Weimer and A Smola and L Li},
  title     = {Parallelized stochastic gradient descent},
  booktitle = {NIPS},
  year      = {2010}
}

@article{DBLP:journals/internet/WelbourneBCGRRBB09,
	Author = {Evan Welbourne and Leilani Battle and Garrett Cole and Kayla Gould and Kyle Rector and Samuel Raymer and Magdalena Balazinska and Gaetano Borriello},
	Bibsource = {DBLP, http://dblp.uni-trier.de},
	Ee = {http://doi.ieeecomputersociety.org/10.1109/MIC.2009.52},
	Journal = {IEEE Internet Computing},
	Number = {3},
	Pages = {48-55},
	Title = {Building the Internet of Things Using RFID: The RFID Ecosystem Experience},
	Volume = {13},
	Year = {2009}}

@inproceedings{DBLP:conf/mobisys/WelbourneKLLBBS08,
	Author = {Evan Welbourne and Nodira Khoussainova and Julie Letchner and Yang Li and Magdalena Balazinska and Gaetano Borriello and Dan Suciu},
	Bibsource = {DBLP, http://dblp.uni-trier.de},
	Booktitle = {MobiSys},
	Ee = {http://doi.acm.org/10.1145/1378600.1378631},
	Pages = {281-294},
	Title = {Cascadia: a system for specifying, detecting, and managing rfid events},
	Year = {2008}}

@book{wasserman:nonpara,
	Address = {Secaucus, NJ, USA},
	Author = {Wasserman, Larry},
	Isbn = {0387251456},
	Publisher = {Springer-Verlag New York, Inc.},
	Title = {All of Nonparametric Statistics (Springer Texts in Statistics)},
	Year = {2006}}

@book{Wasserman2003All,
	Author = {Wasserman, Larry},
	Day = {04},
	Howpublished = {Hardcover},
	Isbn = {0387402721},
	Keywords = {statistics},
	Month = {December},
	Posted-At = {2005-12-01 21:51:47},
	Priority = {2},
	Publisher = {Springer},
	Title = {All of Statistics: A Concise Course in Statistical Inference (Springer Texts in Statistics)},
	Url = {http://www.worldcat.org/isbn/0387402721},
	Year = {2003},
	Bdsk-Url-1 = {http://www.worldcat.org/isbn/0387402721}}

@incollection{bottou-98x,
	Address = {Cambridge, UK},
	Author = {Bottou, L\'{e}on},
	Booktitle = {Online Learning and Neural Networks},
	Editor = {Saad, David},
	Publisher = {Cambridge University Press},
	Title = {Online Algorithms and Stochastic Approximations},
	Url = {http://leon.bottou.org/papers/bottou-98x},
	Year = {1998},
	Bdsk-Url-1 = {http://leon.bottou.org/papers/bottou-98x}}

@inproceedings{DBLP:conf/sigmod/KanagalD10,
	Author = {Bhargav Kanagal and Amol Deshpande},
	Bibsource = {DBLP, http://dblp.uni-trier.de},
	Booktitle = {SIGMOD},
	Ee = {http://doi.acm.org/10.1145/1807167.1807241},
	Pages = {675-686},
	Title = {Lineage processing over correlated probabilistic databases},
	Year = {2010}}

@article{DBLP:journals/pvldb/HuangCDN08,
	Author = {Jiansheng Huang and Ting Chen and AnHai Doan and Jeffrey F. Naughton},
	Bibsource = {DBLP, http://dblp.uni-trier.de},
	Ee = {http://www.vldb.org/pvldb/1/1453936.pdf},
	Journal = {PVLDB},
	Number = {1},
	Pages = {736-747},
	Title = {On the provenance of non-answers to queries over extracted data},
	Volume = {1},
	Year = {2008}}

@inproceedings{DBLP:conf/oopsla/CheneyCFSV09,
	Author = {James Cheney and Stephen Chong and Nate Foster and Margo I. Seltzer and Stijn Vansummeren},
	Bibsource = {DBLP, http://dblp.uni-trier.de},
	Booktitle = {OOPSLA Companion},
	Ee = {http://doi.acm.org/10.1145/1639950.1640064},
	Pages = {957-964},
	Title = {Provenance: a future history},
	Year = {2009}}

@proceedings{DBLP:conf/fast/2009tapp,
	Bibsource = {DBLP, http://dblp.uni-trier.de},
	Booktitle = {Workshop on the Theory and Practice of Provenance},
	Editor = {James Cheney},
	Publisher = {USENIX},
	Title = {First Workshop on the Theory and Practice of Provenance, February 23, 2009, San Francisco, CA, USA, Proceedings},
	Year = {2009}}

@article{DBLP:journals/tods/BunemanCV08,
	Author = {Peter Buneman and James Cheney and Stijn Vansummeren},
	Bibsource = {DBLP, http://dblp.uni-trier.de},
	Ee = {http://doi.acm.org/10.1145/1412331.1412340},
	Journal = {ACM Trans. Database Syst.},
	Number = {4},
	Title = {On the expressiveness of implicit provenance in query and update languages},
	Volume = {33},
	Year = {2008}}

@inproceedings{DBLP:conf/sigmod/BunemanCC06,
	Author = {Peter Buneman and Adriane Chapman and James Cheney},
	Bibsource = {DBLP, http://dblp.uni-trier.de},
	Booktitle = {SIGMOD},
	Ee = {http://doi.acm.org/10.1145/1142473.1142534},
	Pages = {539-550},
	Title = {Provenance management in curated databases},
	Year = {2006}}

@inproceedings{DBLP:conf/usenix/Muniswamy-ReddyHBS06,
	Author = {Kiran-Kumar Muniswamy-Reddy and David A. Holland and Uri Braun and Margo I. Seltzer},
	Bibsource = {DBLP, http://dblp.uni-trier.de},
	Booktitle = {USENIX Annual Technical Conference, General Track},
	Ee = {http://www.usenix.org/events/usenix06/tech/muniswamy-reddy.html},
	Pages = {43-56},
	Title = {Provenance-Aware Storage Systems},
	Year = {2006}}

@article{DBLP:journals/vldb/SarmaBHNW09,
	Author = {Anish Das Sarma and Omar Benjelloun and Alon Y. Halevy and Shubha U. Nabar and Jennifer Widom},
	Bibsource = {DBLP, http://dblp.uni-trier.de},
	Ee = {http://dx.doi.org/10.1007/s00778-009-0147-0},
	Journal = {VLDB J.},
	Number = {5},
	Pages = {989-1019},
	Title = {Representing uncertain data: models, properties, and algorithms},
	Volume = {18},
	Year = {2009}}

@book{rudin-principles,
	Address = {New York},
	Author = {Rudin, Walter},
	Edition = {Third},
	Isbn = {0-07-085613-3},
	Mrclass = {26-02},
	Mrnumber = {MR0385023 (52 \#5893)},
	Note = {International Series in Pure and Applied Mathematics},
	Pages = {x+342},
	Publisher = {McGraw-Hill Book Co.},
	Title = {Principles of mathematical analysis},
	Year = {1976}}

@misc{nips:large,
	Note = {\url{http://nips.cc/Conferences/2009/Program/event.php?ID=1517}},
	Title = {Large-Scale Machine Learning: Parallelism and Massive Datasets}}

@inproceedings{DBLP:conf/sigmod/GeZM09,
	Author = {Tingjian Ge and Stanley B. Zdonik and Samuel Madden},
	Bibsource = {DBLP, http://dblp.uni-trier.de},
	Booktitle = {SIGMOD},
	Ee = {http://doi.acm.org/10.1145/1559845.1559886},
	Pages = {375-388},
	Title = {Top-{\it k} queries on uncertain data: on score distribution and typical answers},
	Year = {2009}}

@inproceedings{DBLP:conf/icde/CormodeLY09,
	Author = {Graham Cormode and Feifei Li and Ke Yi},
	Bibsource = {DBLP, http://dblp.uni-trier.de},
	Booktitle = {ICDE},
	Ee = {http://dx.doi.org/10.1109/ICDE.2009.75},
	Pages = {305-316},
	Title = {Semantics of Ranking Queries for Probabilistic Data and Expected Ranks},
	Year = {2009}}

@inproceedings{DBLP:conf/icde/YiLKS08,
	Author = {Ke Yi and Feifei Li and George Kollios and Divesh Srivastava},
	Bibsource = {DBLP, http://dblp.uni-trier.de},
	Booktitle = {ICDE},
	Ee = {http://dx.doi.org/10.1109/ICDE.2008.4497571},
	Pages = {1406-1408},
	Title = {Efficient Processing of Top-k Queries in Uncertain Databases},
	Year = {2008}}

@misc{lahar:web,
	Author = {Julie Letchner and Others},
	Note = {\url{http://lahar.cs.washington.edu}},
	Title = {The {L}ahar {W}ebsite}}

@misc{mahout:web,
	Author = {The Mahout team},
	Note = {\url{http://mahout.apache.org/}},
	Title = {{A}pache {M}ahout}}
@misc{oracle-dm:web,
	Title = {{O}racle {D}ata {M}ining}}

@misc{VowpalWabbit,
	Note = {\url{http://hunch.net/~vw/}},
	Title = {{Vowpal Wabbit (Fast Online Learning)}}}

@misc{ms-dm:web,
Title = {{M}icrosoft {SQL} {S}erver 2008 {R}2 {D}ata {M}ining}}

@misc{uda-sqlserver:web,
Title = {{M}icrosoft {SQL} {S}erver {B}ooks {O}nline}}

@misc{uda-oracle:web,
Title = {{O}racle {D}ata {C}artridge {D}eveloper's {G}uide 11g}}

@misc{uda-postgres:web,
Title = {{PostgreSQL 9.2 devel Documentation}}}

@misc{shmem-postgres:web,
Title = {{Shared Memory and LWLocks in {PostgreSQL}}}}

@inproceedings{DBLP:conf/cdc/RechtXH08,
	Author = {Benjamin Recht and Weiyu Xu and Babak Hassibi},
	Bibsource = {DBLP, http://dblp.uni-trier.de},
	Booktitle = {CDC},
	Ee = {http://dx.doi.org/10.1109/CDC.2008.4739332},
	Pages = {3065-3070},
	Title = {Necessary and sufficient conditions for success of the nuclear norm heuristic for rank minimization},
	Year = {2008}}

@article{DBLP:journals/focm/CandesR09,
	Author = {Emmanuel J. Cand{\`e}s and Benjamin Recht},
	Bibsource = {DBLP, http://dblp.uni-trier.de},
	Ee = {http://dx.doi.org/10.1007/s10208-009-9045-5},
	Journal = {Foundations of Computational Mathematics},
	Number = {6},
	Pages = {717-772},
	Title = {Exact Matrix Completion via Convex Optimization},
	Volume = {9},
	Year = {2009}}

@article{DBLP:journals/csur/Graefe93,
	Author = {Goetz Graefe},
	Bibsource = {DBLP, http://dblp.uni-trier.de},
	Ee = {db/journals/csur/Graefe93.html},
	Journal = {ACM Comput. Surv.},
	Number = {2},
	Pages = {73-170},
	Title = {Query Evaluation Techniques for Large Databases},
	Volume = {25},
	Year = {1993}}

@incollection{DBLP:books/mk/freytagMV91/GraefeCDMW91,
	Author = {Goetz Graefe and Richard L. Cole and Diane L. Davison and William J. McKenna and Richard H. Wolniewicz},
	Bibsource = {DBLP, http://dblp.uni-trier.de},
	Booktitle = {Query Processing for Advanced Database Systems, Dagstuhl},
	Pages = {305-335},
	Publisher = {Morgan Kaufmann},
	Title = {Extensible Query Optimization and Parallel Execution in Volcano},
	Year = {1991}}

@inproceedings{DBLP:conf/sigmod/SelingerACLP79,
	Author = {Patricia G. Selinger and Morton M. Astrahan and Donald D. Chamberlin and Raymond A. Lorie and Thomas G. Price},
	Bibsource = {DBLP, http://dblp.uni-trier.de},
	Booktitle = {SIGMOD},
	Ee = {http://doi.acm.org/10.1145/582095.582099, db/conf/sigmod/SelingerACLP79.html},
	Pages = {23-34},
	Title = {Access Path Selection in a Relational Database Management System},
	Year = {1979}}

@inproceedings{DBLP:conf/sigmod/Amer-YahiaDKKF10,
	Author = {Sihem Amer-Yahia and AnHai Doan and Jon M. Kleinberg and Nick Koudas and Michael J. Franklin},
	Bibsource = {DBLP, http://dblp.uni-trier.de},
	Booktitle = {SIGMOD},
	Ee = {http://doi.acm.org/10.1145/1807167.1807341},
	Pages = {1259-1260},
	Title = {Crowds, clouds, and algorithms: exploring the human side of "big data" applications},
	Year = {2010}}

@inproceedings{DBLP:conf/sigmod/ChaiVDN09,
	Author = {Xiaoyong Chai and Ba-Quy Vuong and AnHai Doan and Jeffrey F. Naughton},
	Bibsource = {DBLP, http://dblp.uni-trier.de},
	Booktitle = {SIGMOD},
	Ee = {http://doi.acm.org/10.1145/1559845.1559857},
	Pages = {87-100},
	Title = {Efficiently incorporating user feedback into information extraction and integration programs},
	Year = {2009}}

@inproceedings{DBLP:conf/sigmod/JefferyFH08,
	Author = {Shawn R. Jeffery and Michael J. Franklin and Alon Y. Halevy},
	Bibsource = {DBLP, http://dblp.uni-trier.de},
	Booktitle = {SIGMOD},
	Ee = {http://doi.acm.org/10.1145/1376616.1376701},
	Pages = {847-860},
	Title = {Pay-as-you-go user feedback for dataspace systems},
	Year = {2008}}

@inproceedings{DBLP:conf/icde/YuLA09,
	Author = {Cong Yu and Laks V. S. Lakshmanan and Sihem Amer-Yahia},
	Bibsource = {DBLP, http://dblp.uni-trier.de},
	Booktitle = {ICDE},
	Ee = {http://dx.doi.org/10.1109/ICDE.2009.225},
	Pages = {1299-1302},
	Title = {Recommendation Diversification Using Explanations},
	Year = {2009}}

@inproceedings{DBLP:conf/icdt/BunemanKT01,
	Author = {Peter Buneman and Sanjeev Khanna and Wang Chiew Tan},
	Bibsource = {DBLP, http://dblp.uni-trier.de},
	Booktitle = {ICDT},
	Ee = {http://dx.doi.org/10.1007/3-540-44503-X_20, http://link.springer.de/link/service/series/0558/bibs/1973/19730316.htm},
	Pages = {316-330},
	Title = {Why and Where: A Characterization of Data Provenance},
	Year = {2001}}

@inproceedings{DBLP:conf/sigmod/ChapmanJ09,
	Author = {Adriane Chapman and H. V. Jagadish},
	Bibsource = {DBLP, http://dblp.uni-trier.de},
	Booktitle = {SIGMOD},
	Ee = {http://doi.acm.org/10.1145/1559845.1559901},
	Pages = {523-534},
	Title = {Why not?},
	Year = {2009}}

@inproceedings{DBLP:conf/sigmod/ChapmanJR08,
	Author = {Adriane Chapman and H. V. Jagadish and Prakash Ramanan},
	Bibsource = {DBLP, http://dblp.uni-trier.de},
	Booktitle = {SIGMOD},
	Ee = {http://doi.acm.org/10.1145/1376616.1376715},
	Pages = {993-1006},
	Title = {Efficient provenance storage},
	Year = {2008}}

@misc{madison:bus,
	Author = {City of Madison},
	Note = {\url{http://www.cityofmadison.com/metro/TransitTracker/TransitTracker.html}},
	Title = {Transit Tracker}}

@article{cacm:anhai,
	Author = {AnHai Doan and Raghu Ramakrishnan and Alon Halevy},
	Journal = {Commun. ACM},
	Pages = {{\it to appear}},
	Title = {Mass Collaboration Systems on the World-Wide Web},
	Year = {2010}}

@inproceedings{DBLP:conf/hpdc/KumarSMVDRKGHKS09,
	Author = {Vijay S. Kumar and P. Sadayappan and Gaurang Mehta and Karan Vahi and Ewa Deelman and Varun Ratnakar and Jihie Kim and Yolanda Gil and Mary W. Hall and Tahsin M. Kur\c{c} and Joel H. Saltz},
	Bibsource = {DBLP, http://dblp.uni-trier.de},
	Booktitle = {HPDC},
	Ee = {http://doi.acm.org/10.1145/1551609.1551638},
	Pages = {177-186},
	Title = {An integrated framework for performance-based optimization of scientific workflows},
	Year = {2009}}

@inproceedings{DBLP:conf/ipaw/EllkvistKAFS08,
	Author = {Tommy Ellkvist and David Koop and Erik W. Anderson and Juliana Freire and Cl{\'a}udio T. Silva},
	Bibsource = {DBLP, http://dblp.uni-trier.de},
	Booktitle = {IPAW},
	Ee = {http://dx.doi.org/10.1007/978-3-540-89965-5_27},
	Pages = {266-279},
	Title = {Using Provenance to Support Real-Time Collaborative Design of Workflows},
	Year = {2008}}

@inproceedings{DBLP:conf/sigmod/DavidsonF08,
	Author = {Susan B. Davidson and Juliana Freire},
	Bibsource = {DBLP, http://dblp.uni-trier.de},
	Booktitle = {SIGMOD},
	Ee = {http://doi.acm.org/10.1145/1376616.1376772},
	Pages = {1345-1350},
	Title = {Provenance and scientific workflows: challenges and opportunities},
	Year = {2008}}

@article{DBLP:journals/tods/ChaudhuriNS04,
	Author = {Surajit Chaudhuri and Vivek R. Narasayya and Sunita Sarawagi},
	Bibsource = {DBLP, http://dblp.uni-trier.de},
	Ee = {http://doi.acm.org/10.1145/1016028.1016031},
	Journal = {ACM Trans. Database Syst.},
	Number = {3},
	Pages = {508-544},
	Title = {Extracting predicates from mining models for efficient query evaluation},
	Volume = {29},
	Year = {2004}}

@article{INDEPENDENT,
	Author = {D.S. Johnson and M. Yannakakis and C.H. Papadimitriou},
	Journal = {Information Processing Letters},
	Pages = {119--123},
	Title = {On generating all maximal independent sets},
	Volume = {27},
	Year = 1988}

@inproceedings{DBLP:conf/vldb/GantiLR00,
	Author = {Venkatesh Ganti and Mong-Li Lee and Raghu Ramakrishnan},
	Bibsource = {DBLP, http://dblp.uni-trier.de},
	Booktitle = {VLDB},
	Ee = {db/conf/vldb/GantiLR00.html},
	Pages = {176-187},
	Title = {ICICLES: Self-Tuning Samples for Approximate Query Answering},
	Year = {2000}}

@article{DBLP:journals/datamine/ZhangRL97,
	Author = {Tian Zhang and Raghu Ramakrishnan and Miron Livny},
	Bibsource = {DBLP, http://dblp.uni-trier.de},
	Journal = {Data Min. Knowl. Discov.},
	Number = {2},
	Pages = {141-182},
	Title = {BIRCH: A New Data Clustering Algorithm and Its Applications},
	Volume = {1},
	Year = {1997}}

@article{DBLP:journals/cacm/BradleyGRS02,
	Author = {Paul S. Bradley and Johannes Gehrke and Raghu Ramakrishnan and Ramakrishnan Srikant},
	Bibsource = {DBLP, http://dblp.uni-trier.de},
	Ee = {http://doi.acm.org/10.1145/545151.545176},
	Journal = {Commun. ACM},
	Number = {8},
	Pages = {38-43},
	Title = {Scaling mining algorithms to large databases},
	Volume = {45},
	Year = {2002}}

@article{DBLP:journals/tkde/GantiGR01,
	Author = {Venkatesh Ganti and Johannes Gehrke and Raghu Ramakrishnan},
	Bibsource = {DBLP, http://dblp.uni-trier.de},
	Ee = {http://www.computer.org/tkde/tk2001/k0050abs.htm},
	Journal = {IEEE Trans. Knowl. Data Eng.},
	Number = {1},
	Pages = {50-63},
	Title = {DEMON: Mining and Monitoring Evolving Data},
	Volume = {13},
	Year = {2001}}

@inproceedings{DBLP:conf/kdd/HultenSD01,
	Author = {Geoff Hulten and Laurie Spencer and Pedro Domingos},
	Bibsource = {DBLP, http://dblp.uni-trier.de},
	Booktitle = {KDD},
	Ee = {http://portal.acm.org/citation.cfm?id=502512.502529},
	Pages = {97-106},
	Title = {Mining time-changing data streams},
	Year = {2001}}

@article{DBLP:journals/datamine/SarawagiTA00,
	Author = {Sunita Sarawagi and Shiby Thomas and Rakesh Agrawal},
	Bibsource = {DBLP, http://dblp.uni-trier.de},
	Journal = {Data Min. Knowl. Discov.},
	Number = {2/3},
	Pages = {89-125},
	Title = {Integrating Association Rule Mining with Relational Database Systems: Alternatives and Implications},
	Volume = {4},
	Year = {2000}}

@inproceedings{DBLP:conf/vldb/AgrawalS94,
	Author = {Rakesh Agrawal and Ramakrishnan Srikant},
	Bibsource = {DBLP, http://dblp.uni-trier.de},
	Booktitle = {VLDB},
	Ee = {db/conf/vldb/vldb94-487.html},
	Title = {Fast Algorithms for Mining Association Rules in Large Databases},
	Year = {1994}}

@inproceedings{DBLP:conf/icde/CheungHNW96,
	Author = {David Wai-Lok Cheung and Jiawei Han and Vincent T. Y. Ng and C. Y. Wong},
	Bibsource = {DBLP, http://dblp.uni-trier.de},
	Booktitle = {ICDE},
	Ee = {db/conf/icde/CheungHNW96.html},
	Pages = {106-114},
	Title = {Maintenance of Discovered Association Rules in Large Databases: An Incremental Updating Technique},
	Year = {1996}}

@inproceedings{DBLP:conf/edbt/SunHZYCW09,
	Author = {Yizhou Sun and Jiawei Han and Peixiang Zhao and Zhijun Yin and Hong Cheng and Tianyi Wu},
	Bibsource = {DBLP, http://dblp.uni-trier.de},
	Booktitle = {EDBT},
	Ee = {http://doi.acm.org/10.1145/1516360.1516426},
	Pages = {565-576},
	Title = {RankClus: integrating clustering with ranking for heterogeneous information network analysis},
	Year = {2009}}

@article{imiel:msql,
	Address = {Hingham, MA, USA},
	Author = {Imieli\'{n}ski, Tomasz and Virmani, Aashu},
	Doi = {http://dx.doi.org/10.1023/A:1009816913055},
	Issn = {1384-5810},
	Journal = {Data Min. Knowl. Discov.},
	Number = {4},
	Publisher = {Kluwer Academic Publishers},
	Title = {{MSQL}: A Query Language for Database Mining},
	Volume = {3},
	Year = {1999},
	Bdsk-Url-1 = {http://dx.doi.org/10.1023/A:1009816913055}}

@inproceedings{han96dmql,
	Address = {Montreal, Canada},
	Author = {Jiawei Han and Yongjian Fu and Wei Wang and Krzysztof Koperski and Osmar Zaiane},
	Booktitle = {SIGMOD'96 Workshop on Research Issues in Data Mining and Knowledge Discovery (DMKD'96)},
	Title = {{DMQL}: A data mining query language for relational databases},
	Url = {citeseer.nj.nec.com/han96dmql.html},
	Year = {1996},
	Bdsk-Url-1 = {citeseer.nj.nec.com/han96dmql.html}}

@incollection{DBLP:books/sp/datamining2005/BoulicautM05,
	Author = {Jean-Fran\c{c}ois Boulicaut and Cyrille Masson},
	Bibsource = {DBLP, http://dblp.uni-trier.de},
	Booktitle = {The Data Mining and Knowledge Discovery Handbook},
	Pages = {715-727},
	Title = {Data Mining Query Languages},
	Year = {2005}}

@inproceedings{DBLP:conf/vldb/NetzCBF00,
	Author = {Amir Netz and Surajit Chaudhuri and Jeff Bernhardt and Usama M. Fayyad},
	Bibsource = {DBLP, http://dblp.uni-trier.de},
	Booktitle = {VLDB},
	Ee = {db/conf/vldb/NetzCBF00.html},
	Pages = {719-722},
	Title = {Integration of Data Mining with Database Technology},
	Year = {2000}}

@inproceedings{DBLP:conf/icde/NetzCFB01,
	Author = {Amir Netz and Surajit Chaudhuri and Usama M. Fayyad and Jeff Bernhardt},
	Bibsource = {DBLP, http://dblp.uni-trier.de},
	Booktitle = {ICDE},
	Ee = {http://doi.ieeecomputersociety.org/10.1109/ICDE.2001.914850},
	Pages = {379-387},
	Title = {Integrating Data Mining with {SQL} Databases: OLE DB for Data Mining},
	Year = {2001}}

@inproceedings{DBLP:conf/sigmod/MayfieldNP10,
	Author = {Chris Mayfield and Jennifer Neville and Sunil Prabhakar},
	Bibsource = {DBLP, http://dblp.uni-trier.de},
	Booktitle = {SIGMOD},
	Ee = {http://doi.acm.org/10.1145/1807167.1807178},
	Pages = {75-86},
	Title = {ERACER: a database approach for statistical inference and data cleaning},
	Year = {2010}}

@inproceedings{DBLP:conf/sigmod/ChengKP03,
	Author = {Reynold Cheng and Dmitri V. Kalashnikov and Sunil Prabhakar},
	Bibsource = {DBLP, http://dblp.uni-trier.de},
	Booktitle = {SIGMOD},
	Ee = {http://doi.acm.org/10.1145/872757.872823},
	Title = {Evaluating Probabilistic Queries over Imprecise Data},
	Year = {2003}}

@inproceedings{DBLP:conf/vldb/ChengXPSV04,
	Author = {Reynold Cheng and Yuni Xia and Sunil Prabhakar and Rahul Shah and Jeffrey Scott Vitter},
	Bibsource = {DBLP, http://dblp.uni-trier.de},
	Booktitle = {VLDB},
	Ee = {http://www.vldb.org/conf/2004/RS22P2.PDF},
	Pages = {876-887},
	Title = {Efficient Indexing Methods for Probabilistic Threshold Queries over Uncertain Data},
	Year = {2004}}

@inproceedings{DBLP:conf/icde/DetwilerGLST09,
	Author = {Landon Detwiler and Wolfgang Gatterbauer and Brenton Louie and Dan Suciu and Peter Tarczy-Hornoch},
	Bibsource = {DBLP, http://dblp.uni-trier.de},
	Booktitle = {ICDE},
	Ee = {http://dx.doi.org/10.1109/ICDE.2009.209},
	Pages = {1235-1238},
	Title = {Integrating and Ranking Uncertain Scientific Data},
	Year = {2009}}

@incollection{DBLP:reference/db/PrabhakarC09,
	Author = {Sunil Prabhakar and Reynold Cheng},
	Bibsource = {DBLP, http://dblp.uni-trier.de},
	Booktitle = {Encyclopedia of Database Systems},
	Ee = {http://dx.doi.org/10.1007/978-0-387-39940-9_115},
	Pages = {647-651},
	Title = {Data Uncertainty Management in Sensor Networks},
	Year = {2009}}

@article{DBLP:journals/pvldb/Cudre-MaurouxKLRSSVWBBDHMMPSZ09,
	Author = {Philippe Cudr{\'e}-Mauroux and Hideaki Kimura and Kian-Tat Lim and Jennie Rogers and Roman Simakov and Emad Soroush and Pavel Velikhov and Daniel Wang and Magdalena Balazinska and Jacek Becla and David J. DeWitt and Bobbi Heath and David Maier and Samuel Madden and Jignesh M. Patel and Michael Stonebraker and Stanley B. Zdonik},
	Bibsource = {DBLP, http://dblp.uni-trier.de},
	Ee = {http://www.vldb.org/pvldb/2/vldb09-76.pdf},
	Journal = {PVLDB},
	Number = {2},
	Pages = {1534-1537},
	Title = {A Demonstration of {SciDB}: A Science-Oriented {DBMS}},
	Volume = {2},
	Year = {2009}}

@inproceedings{DBLP:conf/icde/SarmaTW08,
	Author = {Anish Das Sarma and Martin Theobald and Jennifer Widom},
	Bibsource = {DBLP, http://dblp.uni-trier.de},
	Booktitle = {ICDE},
	Ee = {http://dx.doi.org/10.1109/ICDE.2008.4497511},
	Pages = {1023-1032},
	Title = {Exploiting Lineage for Confidence Computation in Uncertain and Probabilistic Databases},
	Year = {2008}}

@article{DBLP:journals/pvldb/WangMGH08,
	Author = {Daisy Wang and Eirinaios Michelakis and Minos Garofalakis and Joseph Hellerstein},
	Bibsource = {DBLP, http://dblp.uni-trier.de},
	Ee = {http://www.vldb.org/pvldb/1/1453896.pdf},
	Journal = {PVLDB},
	volume    = {1},
	number    = {1},
	Title = {Bayes{S}tore: managing large, uncertain data repositories with probabilistic graphical models},
	Year = {2008}}

@inproceedings{hstore-cc,
	Author = {Evan P. C. Jones and Daniel J. Abadi and Samuel Madden},
	Booktitle = {SIGMOD},
	Title = {Low Overhead Concurrency Control for Partitioned Main Memory Databases},
	Year = {2010}}

@inproceedings{DBLP:conf/cidr/StonebrakerBCCGHHLRZ07,
  author    = {Michael Stonebraker and et al.},
  title     = {One Size Fits All? Part 2: Benchmarking Studies},
  booktitle = {CIDR},
  year      = {2007},
  ee        = {http://www.cidrdb.org/cidr2007/papers/cidr07p20.pdf},
  bibsource = {DBLP, http://dblp.uni-trier.de}
}

@inproceedings{DBLP:conf/vldb/BaumannDFRW99,
  author    = {Peter Baumann and
               Andreas Dehmel and
               Paula Furtado and
               Roland Ritsch and
               Norbert Widmann},
  title     = {Spatio-Temporal Retrieval with RasDaMan},
  booktitle = {VLDB},
  year      = {1999},
  pages     = {746-749},
  ee        = {db/conf/vldb/BaumannDFRW99.html},
  bibsource = {DBLP, http://dblp.uni-trier.de}
}

@article{DBLP:journals/vldb/MaratheS02,
  author    = {Arunprasad P. Marathe and
               Kenneth Salem},
  title     = {Query processing techniques for arrays},
  journal   = {VLDB J.},
  volume    = {11},
  number    = {1},
  year      = {2002},
  pages     = {68-91},
  ee        = {http://link.springer.de/link/service/journals/00778/bibs/2011001/20110068.htm},
  bibsource = {DBLP, http://dblp.uni-trier.de}
}

@article{DBLP:journals/pvldb/WickMM10b,
  author    = {Michael Wick and
               Andrew McCallum and
               Gerome Miklau},
  title     = {Scalable Probabilistic Databases with Factor Graphs and
               MCMC},
  journal   = {PVLDB},
  volume    = {3},
  number    = {1},
  year      = {2010},
  ee        = {http://www.comp.nus.edu.sg/$\sim$vldb2010/proceedings/files/papers/R71.pdf},
  bibsource = {DBLP, http://dblp.uni-trier.de}
}

@techreport{wallach:crf,
Author={Hanna M. Wallach},
Title={Conditional Random Fields: An Introduction},
Year={2004},
Institution={Dept. of CIS, Univ. of Pennsylvania}
}

@article{DBLP:journals/pvldb/GeZ10,
  author    = {Tingjian Ge and
               Stanley Zdonik},
  title     = {A*-tree: A Structure for Storage and Modeling of Uncertain
               Multidimensional Arrays},
  journal   = {PVLDB},
  year      = {2010},
  ee        = {http://www.comp.nus.edu.sg/$\sim$vldb2010/proceedings/files/papers/R86.pdf},
  bibsource = {DBLP, http://dblp.uni-trier.de}
}

@inproceedings{DBLP:conf/sigmod/ArumugamDJPP10,
  author    = {Subi Arumugam and
               Alin Dobra and
               Christopher Jermaine and
               Niketan Pansare and
               Luis Perez},
  title     = {The DataPath system: a data-centric analytic processing
               engine for large data warehouses},
  booktitle = {SIGMOD},
  year      = {2010},
  bibsource = {DBLP, http://dblp.uni-trier.de}
}

@book{han:book,
    author = {Han, Jiawei and Kamber, Micheline and Pei, Jian},
    day = {13},
    edition = {2},
    howpublished = {Hardcover},
    isbn = {1558609016},
    keywords = {proposal},
    month = {January},
    posted-at = {2009-07-18 17:25:55},
    priority = {2},
    publisher = {Morgan Kaufmann},
    title = {Data Mining: Concepts and Techniques},
    url = {http://www.amazon.com/exec/obidos/redirect?tag=citeulike07-20&path=ASIN/1558609016},
    year = {2006}
}
@article{agrawal:parallel,
 author = {Agrawal, Rakesh and Shafer, John C.},
 title = {Parallel Mining of Association Rules},
 journal = {IEEE Trans. on Knowl. and Data Eng.},
 volume = {8},
 number = {6},
 year = {1996},
 issn = {1041-4347},
 doi = {http://dx.doi.org/10.1109/69.553164},
 publisher = {IEEE Educational Activities Department},
 address = {Piscataway, NJ, USA},
 }

@inproceedings{DBLP:conf/vldb/ShaferAM96,
  author    = {John C. Shafer and
               Rakesh Agrawal and
               Manish Mehta},
  title     = {SPRINT: A Scalable Parallel Classifier for Data Mining},
  booktitle = {VLDB},
  year      = {1996},
  isbn      = {1-55860-382-4},
  ee        = {db/conf/vldb/ShaferAM96.html},
  bibsource = {DBLP, http://dblp.uni-trier.de}
}

@article{DBLP:journals/pvldb/WangFGH10,
  author    = {Daisy Zhe Wang and
               Michael J. Franklin and
               Minos N. Garofalakis and
               Joseph M. Hellerstein},
  title     = {Querying Probabilistic Information Extraction},
  journal   = {PVLDB},
  volume    = {3},
  number    = {1},
  year      = {2010},
  ee        = {http://www.comp.nus.edu.sg/$\sim$vldb2010/proceedings/files/papers/R94.pdf},
  bibsource = {DBLP, http://dblp.uni-trier.de}
}

@inproceedings{DBLP:conf/vldb/GuptaS06,
  author    = {Rahul Gupta and
               Sunita Sarawagi},
  title     = {Creating Probabilistic Databases from Information Extraction
               Models},
  booktitle = {VLDB},
  year      = {2006},
  ee        = {http://www.vldb.org/conf/2006/p965-gupta.pdf},
  bibsource = {DBLP, http://dblp.uni-trier.de}
}

@inproceedings{DBLP:conf/sigmod/DasSBGHM10,
  author    = {Sudipto Das and
               Yannis Sismanis and
               Kevin S. Beyer and
               Rainer Gemulla and
               Peter J. Haas and
               John McPherson},
  title     = {Ricardo: integrating R and Hadoop},
  booktitle = {SIGMOD Conference},
  year      = {2010},
  ee        = {http://doi.acm.org/10.1145/1807167.1807275},
  bibsource = {DBLP, http://dblp.uni-trier.de}
}


@article{DBLP:journals/pvldb/CohenDDHW09,
  author    = {Jeffrey Cohen and
               Brian Dolan and
               Mark Dunlap and
               Joseph M. Hellerstein and
               Caleb Welton},
  title     = {MAD Skills: New Analysis Practices for Big Data},
  journal   = {PVLDB},
  volume    = {2},
  number    = {2},
  year      = {2009},
  ee        = {http://www.vldb.org/pvldb/2/vldb09-219.pdf},
  bibsource = {DBLP, http://dblp.uni-trier.de}
}

@article{DBLP:journals/toms/Vitter85,
    author    = {Jeffrey Scott Vitter},
    title     = {Random Sampling with a Reservoir},
    journal   = {ACM Trans. Math. Softw.},
    volume    = {11},
    number    = {1},
    year      = {1985},
    ee        = {http://doi.acm.org/10.1145/3147.3165},
    bibsource = {DBLP, http://dblp.uni-trier.de}
}

@inproceedings{DBLP:conf/icdm/ZhuCWZC09,
  author    = {Zeyuan Allen Zhu and
               Weizhu Chen and
               Gang Wang and
               Chenguang Zhu and
               Zheng Chen},
  title     = {P-packSVM: Parallel Primal grAdient desCent Kernel SVM},
  booktitle = {ICDM},
  year      = {2009},
  ee        = {http://doi.ieeecomputersociety.org/10.1109/ICDM.2009.29},
  bibsource = {DBLP, http://dblp.uni-trier.de}
}

@article{DBLP:journals/jmlr/LangfordLZ09,
  author    = {John Langford and
               Lihong Li and
               Tong Zhang},
  title     = {Sparse Online Learning via Truncated Gradient},
  journal   = {JMLR},
  volume    = {10},
  year      = {2009},
  ee        = {http://doi.acm.org/10.1145/1577069.1577097},
  bibsource = {DBLP, http://dblp.uni-trier.de}
}

@article{nips11:blinded,
  title     = {Blinded},
  year      = {2011}
}

@misc{mallet,
author = {McCallum, Andrew Kachites},
Title = {{MALLET: A Machine Learning for Language Toolkit}},
year = {2002},
url = {http://mallet.cs.umass.edu}
}

@misc{crfpp,
author = {Taku Kudo},
title = {{CRF++: Yet Another CRF toolkit}},
url = {http://crfpp.sourceforge.net/}
}

@misc{gp:personal:communication,
author={{Greenplum Analytics}},
title={Personal Communication}}

@misc{orac:personal:communication,
Author={{Oracle Advanced Analytics}},
title={Personal Communication}}

@article {RobbinsMonro51,
    AUTHOR = {Robbins, Herbert and Monro, Sutton},
     TITLE = {A stochastic approximation method},
   JOURNAL = {Ann. Math. Statistics},
    VOLUME = {22},
      YEAR = {1951},
   MRCLASS = {62.0X},
  MRNUMBER = {MR0042668 (13,144j)},
MRREVIEWER = {R. P. Peterson},
}

@inproceedings{DBLP:conf/kdd/GemullaNHS11,
  author    = {Rainer Gemulla and
               Erik Nijkamp and
               Peter J. Haas and
               Yannis Sismanis},
  title     = {Large-scale matrix factorization with distributed stochastic
               gradient descent},
  booktitle = {KDD},
  year      = {2011},
  ee        = {http://doi.acm.org/10.1145/2020408.2020426},
  bibsource = {DBLP, http://dblp.uni-trier.de}
}

@inproceedings{DBLP:conf/nips/BottouC03,
  author    = {L{\'e}on Bottou and
               Yann LeCun},
  title     = {Large Scale Online Learning},
  booktitle = {NIPS},
  year      = {2003},
  ee        = {http://books.nips.cc/papers/files/nips16/NIPS2003_AA28.pdf},
  bibsource = {DBLP, http://dblp.uni-trier.de}
}


@inproceedings{DBLP:conf/stoc/Raghavendra08,
  author    = {Prasad Raghavendra},
  title     = {Optimal algorithms and inapproximability results for every
               CSP?},
  booktitle = {STOC},
  year      = {2008},
  ee        = {http://doi.acm.org/10.1145/1374376.1374414},
  bibsource = {DBLP, http://dblp.uni-trier.de}
}




@BOOK{Hast:Tibs:Frie:2001,
  AUTHOR = {Hastie, Trevor and Tibshirani, Robert and Friedman, J. H.},
  TITLE = {The elements of statistical learning: data mining, inference, and prediction},
  YEAR = {2001},
  PUBLISHER = {New York: Springer-Verlag}
}

% Ben's new citations.
@incollection{Wahba95,
	Author = {Grace Wahba and C.~Gu and Y.~Wang and R.~Chappell},
	Booktitle = {The Mathematics of Generalization.},
	Date-Added = {2011-10-31 09:16:22 -0400},
	Date-Modified = {2011-10-31 09:18:44 -0400},
	Publisher = {Addison-Wesley},
	Series = {Santa Fe Institute Studies in the Sciences of Complexity},
	Title = {Soft Classification, a.k.a. Risk Estimation, via Penalized Log Likelihood and Smoothing Spline Analysis of Variance. },
	Year = {1995}}

@article{Mangasarian65,
	Author = {Olvi L.~Mangasarian},
	Date-Added = {2011-10-31 09:13:22 -0400},
	Date-Modified = {2011-10-31 09:13:53 -0400},
	Journal = {Operations Research},
	Title = {Linear and Nonlinear Separation of Patterns by Linear Programming },
	Volume = {13},
	Year = {1965}}

@article{Tibshirani96,
	Author = {R.~Tibshirani},
	Date-Added = {2011-10-31 09:11:19 -0400},
	Date-Modified = {2011-10-31 09:11:19 -0400},
	Journal = {Journal of the Royal Statistical Society, B},
	Number = {1},
	Title = {Regression shrinkage and selection via the lasso},
	Volume = {58},
	Year = {1996}}

@article{bennet06,
	Author = {Kristin P.~Bennett and Emilio Parrado-Hern/'{a}ndez},
	Date-Added = {2011-10-30 15:14:14 -0400},
	Date-Modified = {2011-10-30 15:15:04 -0400},
	Journal = {Journal of Machine Learning Research},
	Pages = {1265--1281},
	Title = {The Interplay of Optimization and Machine Learning Research},
	Volume = {7},
	Year = {2006}}

@article{CandesRecht09,
	Author = {Emmanuel Cand\`es and Benjamin Recht},
	Date-Added = {2011-10-30 15:07:38 -0400},
	Date-Modified = {2011-10-30 15:07:38 -0400},
	Journal = {Foundations of Computational Mathematics},
	Number = {6},
	Pages = {717--772},
	Title = {Exact Matrix Completion via Convex Optimization},
	Volume = {9},
	Year = {2009}}

@article{DonohoCS,
	Author = {D. L. Donoho},
	Coden = {IETTAW},
	Date-Added = {2011-10-30 15:06:22 -0400},
	Date-Modified = {2011-10-30 15:06:22 -0400},
	Fjournal = {Institute of Electrical and Electronics Engineers. Transactions on Information Theory},
	Issn = {0018-9448},
	Journal = {IEEE Trans. Inform. Theory},
	Number = {4},
	Pages = {1289--1306},
	Title = {Compressed sensing},
	Volume = {52},
	Year = {2006}}

@ARTICLE{Tibshirani94regressionshrinkage,
    author = {Robert Tibshirani},
    title = {Regression Shrinkage and Selection Via the Lasso},
    journal = {Journal of the Royal Statistical Society, Series B},
    year = {1994},
    volume = {58},
    pages = {267--288}
}

@inproceedings{DBLP:conf/nips/ChuKLYBNO06,
  author    = {Cheng-Tao Chu and
               Sang Kyun Kim and
               Yi-An Lin and
               YuanYuan Yu and
               Gary R. Bradski and
               Andrew Y. Ng and
               Kunle Olukotun},
  title     = {Map-Reduce for Machine Learning on Multicore},
  booktitle = {NIPS},
  year      = {2006},
  pages     = {281-288},
}

@MISC{eigenweb,
  author = {Ga\"{e}l Guennebaud and Beno\^{i}t Jacob and others},
  title = {Eigen v3},
  howpublished = {\url{http://eigen.tuxfamily.org}},
  year = {2010}
 }

@techreport{armadillo,
	Author = {Conrad Sanderson},
	Institution = {NICTA},
	Title = {Armadillo: An Open Source {C++} Linear Algebra Library for Fast Prototyping and Computationally Intensive Experiments},
	Year = {2010}}
 
 @BOOK{laug,
      AUTHOR = {Anderson, E. and Bai, Z. and Bischof, C. and
                Blackford, S. and Demmel, J. and Dongarra, J. and
                Du Croz, J. and Greenbaum, A. and Hammarling, S. and
                McKenney, A. and Sorensen, D.},
      TITLE = {{LAPACK} Users' Guide},
      EDITION = {Third},
      PUBLISHER = {Society for Industrial and Applied Mathematics},
      YEAR = {1999},
      ADDRESS = {Philadelphia, PA},
      ISBN = {0-89871-447-8 (paperback)} }

@article{L82a,
	Abstract = {{It has long been realized that in pulse-code modulation (PCM), with a given ensemble of signals to handle, the quantum values should be spaced more closely in the voltage regions where the signal amplitude is more likely to fall. It has been shown by Panter and Dite that, in the limit as the number of quanta becomes infinite, the asymptotic fractional density of quanta per unit voltage should vary as the one-third power of the probability density per unit voltage of signal amplitudes. In this paper the corresponding result for any finite number of quanta is derived; that is, necessary conditions are found that the quanta and associated quantization intervals of an optimum finite quantization scheme must satisfy. The optimization criterion used is that the average quantization noise power be a minimum. It is shown that the result obtained here goes over into the Panter and Dite result as the number of quanta become large. The optimum quautization schemes for2^{b}quanta,b=1,2, cdots, 7, are given numerically for Gaussian and for Laplacian distribution of signal amplitudes.}},
	Author = {Stuart Lloyd},
	Date-Added = {2012-03-06 15:00:11 -0800},
	Date-Modified = {2012-03-06 15:04:10 -0800},
	Doi = {10.1109/TIT.1982.1056489},
	Journal = {IEEE Transactions on Information Theory},
	CommentMonth = mar,
	Note = {Technical Report appeared much earlier in: \emph{Bell Telephone Laboratories Paper} (1957)},
	Number = {2},
	Pages = {129--137},
	Title = {Least squares quantization in {PCM}},
	Volume = {28},
	Year = {1982}}

@article{AMR09a,
	Author = {David Arthur and Bodo Manthey and Heiko R{\"o}glin},
	Eprint = {0904.1113},
	Eprintclass = {cs.DS},
	Journal = {arXiv},
	Title = {k-Means has Polynomial Smoothed Complexity},
	Year = {2009}}

@article{ADH09a,
	Abstract = {{A recent proof of NP-hardness of Euclidean sum-of-squares clustering, due to Drineas et al. (Mach. Learn. 56:9--33, 2004), is not valid. An alternate short proof is provided.}},
	Author = {Aloise, Daniel and Deshpande, Amit and Hansen, Pierre and Popat, Preyas},
	Date-Added = {2012-03-06 14:43:42 -0800},
	Date-Modified = {2012-03-06 14:45:02 -0800},
	Doi = {10.1007/s10994-009-5103-0},
	Journal = {Machine Learning},
	Pages = {245-248},
	Title = {{NP}-hardness of {Euclidean} sum-of-squares clustering},
	Volume = {75},
	Year = {2009}}

@article{MNV10a,
	Abstract = {{In the k -means problem, we are given a finite set S of points in R^m , and integer k >= 1, and we want to find k points (centers) so as to minimize the sum of the square of the Euclidean distance of each point in S to its nearest center. We show that this well-known problem is NP-hard even for instances in the plane, answering an open question posed by Dasgupta (2007) [7].}},
	Author = {Meena Mahajan and Prajakta Nimbhorkar and Kasturi Varadarajan},
	Date-Added = {2012-03-06 14:52:27 -0800},
	Date-Modified = {2012-03-08 17:17:44 -0800},
	Doi = {10.1016/j.tcs.2010.05.034},
	Journal = {Theoretical Computer Science},
	Keywords = {Clustering},
	Month = jun,
	Note = {In Press.},
	Title = {The planar $k$-means problem is {NP}-hard},
	Year = {2010}}

@inproceedings{AV07a,
	Author = {David Arthur and Sergei Vassilvitskii},
	Crossref = {:SODA07},
	Date-Added = {2012-01-30 22:05:40 -0800},
	Date-Modified = {2012-03-11 03:00:57 -0700},
	Eprint = {1283494},
	Eprinttype = {acm},
	Pages = {1027--1035},
	Title = {k-means++: the advantages of careful seeding},
	Year = {2007}}

@proceedings{:SODA07,
	Booktitle = soda07,
	Date-Added = {2012-01-30 22:11:03 -0800},
	Date-Modified = {2012-01-30 22:11:27 -0800},
	Title = soda07,
	Year = {2007}}


@manual{postgres:9.1.3,
	Author = {{The PostgreSQL Global Development Group}},
	Title = {{PostgreSQL} 9.1.3 Documentation},
	Year = {2011},
	Howpublished = {http://www.postgresql.org/docs/9.1}}

@inproceedings{NS07a,
 author = {Nethercote, Nicholas and Seward, Julian},
 title = {Valgrind: a framework for heavyweight dynamic binary instrumentation},
 booktitle = {PLDI},
 year = {2007},
 pages = {89--100},
 doi = {10.1145/1250734.1250746},
} 

@inproceedings{systemml,
author = "A. Ghoting and R. Krishnamurthy and E. Pednault and B. Reinwald and V. Sindhwani and S. Tatikonda and Y. Tian and S. Vaithyanathan",
title = "{SystemML: Declarative Machine Learning on MapReduce}",
booktitle="{ICDE}",
year=2011
}

@inproceedings{Re:sigmod12,
title = {Towards a Unified Architecture for in-{RDBMS} Analytics},
author = "Xixuan Feng and Arun Kumar and Benjamin Recht and Christopher Ré",
booktitle = "SIGMOD",
year=2012
}